@article{deronde10,
	number = "4",
	journal = "{Lancet Oncol}",
	author = "de Ronde, Jorma and Wessels, Lodewyk and Wesseling, Jelle",
	title = "{Molecular subtyping of breast cancer: ready to use?}",
	year = "2010",
	volume = "11",
	doi = "10.1016/S1470-2045(10)70036-X [doi]",
	pages = "306--7",
	pmid = "20359657",
}
@article{weigelt10,
	number = "4",
	journal = "{Lancet Oncol}",
	author = "Weigelt, Britta and Mackay, Alan and A'hern, Roger and Natrajan, Rachael and Tan, David S P and Dowsett, Mitch and Ashworth, Alan and Reis-Filho, Jorge S",
	title = "{Breast cancer molecular profiling with single sample predictors: a retrospective  analysis}",
	year = "2010",
	volume = "11",
	doi = "10.1016/S1470-2045(10)70008-5 [doi]",
	pages = "339--49",
	pmid = "20181526",
}
@article{shi08,
	number = "1",
	journal = "{Curr Opin Biotechnol}",
	author = "Shi, Leming and Perkins, Roger G and Fang, Hong and Tong, Weida",
	title = "{Reproducible and reliable microarray results through quality control: good laboratory proficiency and appropriate data analysis practices are essential}",
	year = "2008",
	volume = "19",
	doi = "10.1016/j.copbio.2007.11.003 [doi]",
	pages = "10--8",
	pmid = "18155896",
}
@article{ein-dor06,
	number = "15",
	journal = "{Proc Natl Acad Sci U S A}",
	author = "Ein-Dor, Liat and Zuk, Or and Domany, Eytan",
	title = "{Thousands of samples are needed to generate a robust gene list for predicting outcome in cancer}",
	year = "2006",
	volume = "103",
	doi = "10.1073/pnas.0601231103 [doi]",
	pages = "5923--8",
	pmid = "16585533",
}
@article{frantz05,
	number = "5",
	journal = "{Nat Rev Drug Discov}",
	author = "Frantz, Simon",
	title = "{An array of problems}",
	year = "2005",
	volume = "4",
	doi = "10.1038/nrd1746 [doi]",
	pages = "362--3",
	pmid = "15902768",
}
@article{michiels05,
	number = "9458",
	journal = "{Lancet}",
	author = "Michiels, Stefan and Koscielny, Serge and Hill, Catherine",
	title = "{Prediction of cancer outcome with microarrays: a multiple random validation strategy}",
	year = "2005",
	volume = "365",
	doi = "10.1016/S0140-6736(05)17866-0 [doi]",
	pages = "488--92",
	pmid = "15705458",
}
@article{ioannidis05,
	number = "9458",
	journal = "{Lancet}",
	author = "Ioannidis, John P A",
	title = "{Microarrays and molecular research: noise discovery?}",
	year = "2005",
	volume = "365",
	doi = "10.1016/S0140-6736(05)17878-7 [doi]",
	pages = "454--5",
	pmid = "15705441",
}
@article{marshall04,
	number = "5696",
	journal = "{Science}",
	author = "Marshall, Eliot",
	title = "{Getting the noise out of gene arrays}",
	year = "2004",
	volume = "306",
	doi = "10.1126/science.306.5696.630 [doi]",
	pages = "630--1",
	pmid = "15499004",
}
@article{check04,
	number = "6970",
	journal = "{Nature}",
	author = "Check, Erika",
	title = "{Geneticists chip away at unruly data}",
	year = "2004",
	volume = "427",
	doi = "427091a [pii]",
	pages = "91",
	pmid = "14712245",
}
@article{tan03,
	number = "19",
	journal = "{Nucleic Acids Res}",
	author = "Tan, Paul K and Downey, Thomas J and Spitznagel, Edward L Jr and Xu, Pin and Fu, Dadin and Dimitrov, Dimiter S and Lempicki, Richard A and Raaka, Bruce M and Cam, Margaret C",
	title = "{Evaluation of gene expression measurements from commercial microarray platforms}",
	year = "2003",
	volume = "31",
	pages = "5676--84",
	pmid = "14500831",
}
@article{tilstone03,
	number = "6949",
	journal = "{Nature}",
	author = "Tilstone, Claire",
	title = "{DNA microarrays: vital statistics}",
	year = "2003",
	volume = "424",
	doi = "424610a [pii]",
	pages = "610--2",
	pmid = "12904757",
}

