@article{guan07,
	doi = "10.1158/1078-0432.CCR-06-2882 [doi]",
	title = "{Amplification of PVT1 contributes to the pathophysiology of ovarian and breast cancer}",
	journal = "{Clin Cancer Res}",
	author = "Guan, Yinghui and Kuo, Wen-Lin and Stilwell, Jackie L and Takano, Hirokuni and Lapuk, Anna V and Fridlyand, Jane and Mao, Jian-Hua and Yu, Mamie and Miller, Melinda A and Santos, Jennifer L and Kalloger, Steve E and Carlson, Joseph W and Ginzinger, David G and Celniker, Susan E and Mills, Gordon B and Huntsman, David G and Gray, Joe W",
	number = "19",
	volume = "13",
	year = "2007",
	pmid = "17908964",
	pages = "5745--55",
}

@article{carramusa07,
	doi = "10.1002/jcp.21133 [doi]",
	title = "{The PVT-1 oncogene is a Myc protein target that is overexpressed in transformed cells}",
	journal = "{J Cell Physiol}",
	author = "Carramusa, Letizia and Contino, Flavia and Ferro, Arianna and Minafra, Luigi and Perconti, Giovanni and Giallongo, Agata and Feo, Salvatore",
	number = "2",
	volume = "213",
	year = "2007",
	pmid = "17503467",
	pages = "511--8",
}

@article{huppi08,
	doi = "10.1158/1541-7786.MCR-07-0105 [doi]",
	title = "{The identification of microRNAs in a genomically unstable region of human chromosome 8q24}",
	journal = "{Mol Cancer Res}",
	author = "Huppi, Konrad and Volfovsky, Natalia and Runfola, Timothy and Jones, Tamara L and Mackiewicz, Mark and Martin, Scott E and Mushinski, J Frederic and Stephens, Robert and Caplen, Natasha J",
	number = "2",
	volume = "6",
	year = "2008",
	pmid = "18314482",
	pages = "212--21",
}

@article{barsotti12,
	doi = "10.1074/jbc.M111.322875 [doi]",
	title = "{p53-Dependent induction of PVT1 and miR-1204}",
	journal = "{J Biol Chem}",
	author = "Barsotti, Anthony M and Beckerman, Rachel and Laptenko, Oleg and Huppi, Konrad and Caplen, Natasha J and Prives, Carol",
	number = "4",
	volume = "287",
	year = "2012",
	pmid = "22110125",
	pages = "2509--19",
}

