@article{molenaar12,
	doi = "10.1038/nature10910 [doi]",
	title = "{Sequencing of neuroblastoma identifies chromothripsis and defects in neuritogenesis genes}",
	journal = "{Nature}",
	author = "Molenaar, Jan J and Koster, Jan and Zwijnenburg, Danny A and van Sluis, Peter and Valentijn, Linda J and van der Ploeg, Ida and Hamdi, Mohamed and van Nes, Johan and Westerman, Bart A and van Arkel, Jennemiek and Ebus, Marli E and Haneveld, Franciska and Lakeman, Arjan and Schild, Linda and Molenaar, Piet and Stroeken, Peter and van Noesel, Max M and Ora, Ingrid and Santo, Evan E and Caron, Huib N and Westerhout, Ellen M and Versteeg, Rogier",
	number = "7391",
	volume = "483",
	year = "2012",
	pmid = "22367537",
	pages = "589--93",
}

@article{crasta12,
	doi = "10.1038/nature10802 [doi]",
	title = "{DNA breaks and chromosome pulverization from errors in mitosis}",
	journal = "{Nature}",
	author = "Crasta, Karen and Ganem, Neil J and Dagher, Regina and Lantermann, Alexandra B and Ivanova, Elena V and Pan, Yunfeng and Nezi, Luigi and Protopopov, Alexei and Chowdhury, Dipanjan and Pellman, David",
	number = "7383",
	volume = "482",
	year = "2012",
	pmid = "22258507",
	pages = "53--8",
}

@article{11,
	doi = "10.1186/gb-2011-12-10-r103 [doi]",
	title = "{Chromothripsis is a common mechanism driving genomic rearrangements in primary and metastatic colorectal cancer}",
	journal = "{Genome Biol}",
	author = "",
	number = "10",
	volume = "12",
	year = "2011",
	pmid = "22014273",
	pages = "R103",
}

@article{liu11,
	doi = "10.1016/j.cell.2011.07.042 [doi]",
	title = "{Chromosome catastrophes involve replication mechanisms generating complex genomic rearrangements}",
	journal = "{Cell}",
	author = "Liu, Pengfei and Erez, Ayelet and Nagamani, Sandesh C Sreenath and Dhar, Shweta U and Kolodziejska, Katarzyna E and Dharmadhikari, Avinash V and Cooper, M Lance and Wiszniewska, Joanna and Zhang, Feng and Withers, Marjorie A and Bacino, Carlos A and Campos-Acevedo, Luis Daniel and Delgado, Mauricio R and Freedenberg, Debra and Garnica, Adolfo and Grebe, Theresa A and Hernandez-Almaguer, Dolores and Immken, LaDonna and Lalani, Seema R and McLean, Scott D and Northrup, Hope and Scaglia, Fernando and Strathearn, Lane and Trapane, Pamela and Kang, Sung-Hae L and Patel, Ankita and Cheung, Sau Wai and Hastings, P J and Stankiewicz, Pawel and Lupski, James R and Bi, Weimin",
	number = "6",
	volume = "146",
	year = "2011",
	pmid = "21925314",
	pages = "889--903",
}

@article{magrangeas11,
	doi = "10.1182/blood-2011-03-344069 [doi]",
	title = "{Chromothripsis identifies a rare and aggressive entity among newly diagnosed multiple myeloma patients}",
	journal = "{Blood}",
	author = "Magrangeas, Florence and Avet-Loiseau, Herve and Munshi, Nikhil C and Minvielle, Stephane",
	number = "3",
	volume = "118",
	year = "2011",
	pmid = "21628407",
	pages = "675--8",
}

@article{kloosterman11,
	doi = "10.1093/hmg/ddr073 [doi]",
	title = "{Chromothripsis as a mechanism driving complex de novo structural rearrangements in the germline}",
	journal = "{Hum Mol Genet}",
	author = "Kloosterman, Wigard P and Guryev, Victor and van Roosmalen, Mark and Duran, Karen J and de Bruijn, Ewart and Bakker, Saskia C M and Letteboer, Tom and van Nesselrooij, Bernadette and Hochstenbach, Ron and Poot, Martin and Cuppen, Edwin",
	number = "10",
	volume = "20",
	year = "2011",
	pmid = "21349919",
	pages = "1916--24",
}

@article{stephens11,
	doi = "10.1016/j.cell.2010.11.055 [doi]",
	title = "{Massive genomic rearrangement acquired in a single catastrophic event during cancer development}",
	journal = "{Cell}",
	author = "Stephens, Philip J and Greenman, Chris D and Fu, Beiyuan and Yang, Fengtang and Bignell, Graham R and Mudie, Laura J and Pleasance, Erin D and Lau, King Wai and Beare, David and Stebbings, Lucy A and McLaren, Stuart and Lin, Meng-Lay and McBride, David J and Varela, Ignacio and Nik-Zainal, Serena and Leroy, Catherine and Jia, Mingming and Menzies, Andrew and Butler, Adam P and Teague, Jon W and Quail, Michael A and Burton, John and Swerdlow, Harold and Carter, Nigel P and Morsberger, Laura A and Iacobuzio-Donahue, Christine and Follows, George A and Green, Anthony R and Flanagan, Adrienne M and Stratton, Michael R and Futreal, P Andrew and Campbell, Peter J",
	number = "1",
	volume = "144",
	year = "2011",
	pmid = "21215367",
	pages = "27--40",
}

@article{chiang12,
	doi = "10.1038/ng.2202 [doi]",
	title = "{Complex reorganization and predominant non-homologous repair following chromosomal breakage in karyotypically balanced germline rearrangements and transgenic integration}",
	journal = "{Nat Genet}",
	author = "Chiang, Colby and Jacobsen, Jessie C and Ernst, Carl and Hanscom, Carrie and Heilbut, Adrian and Blumenthal, Ian and Mills, Ryan E and Kirby, Andrew and Lindgren, Amelia M and Rudiger, Skye R and McLaughlan, Clive J and Bawden, C Simon and Reid, Suzanne J and Faull, Richard L M and Snell, Russell G and Hall, Ira M and Shen, Yiping and Ohsumi, Toshiro K and Borowsky, Mark L and Daly, Mark J and Lee, Charles and Morton, Cynthia C and Macdonald, Marcy E and Gusella, James F and Talkowski, Michael E",
	number = "4",
	volume = "44",
	year = "2012",
	pmid = "22388000",
	pages = "390--7",
}

