@article{ruiz11,
	doi = "10.1073/pnas.1104009108 [doi]",
	title = "{Advancing a clinically relevant perspective of the clonal nature of cancer}",
	journal = "{Proc Natl Acad Sci U S A}",
	author = "Ruiz, Christian and Lenkiewicz, Elizabeth and Evers, Lisa and Holley, Tara and Robeson, Alex and Kiefer, Jeffrey and Demeure, Michael J and Hollingsworth, Michael A and Shen, Michael and Prunkard, Donna and Rabinovitch, Peter S and Zellweger, Tobias and Mousses, Spyro and Trent, Jeffrey M and Carpten, John D and Bubendorf, Lukas and Von Hoff, Daniel and Barrett, Michael T",
	number = "29",
	volume = "108",
	year = "2011",
	pmid = "21730190",
	pages = "12054--9",
}

@article{12,
	doi = "10.1038/nature10933 [doi]",
	title = "{The clonal and mutational evolution spectrum of primary triple-negative breast cancers}",
	journal = "{Nature}",
	author = "",
	year = "2012",
	pmid = "22495314",
}

@article{12,
	doi = "10.1182/blood-2012-01-405985 [doi]",
	title = "{Clonal competition with alternating dominance in multiple myeloma}",
	journal = "{Blood}",
	author = "",
	year = "2012",
	pmid = "22498740",
}

@article{walter12,
	doi = "10.1056/NEJMoa1106968 [doi]",
	title = "{Clonal architecture of secondary acute myeloid leukemia}",
	journal = "{N Engl J Med}",
	author = "Walter, Matthew J and Shen, Dong and Ding, Li and Shao, Jin and Koboldt, Daniel C and Chen, Ken and Larson, David E and McLellan, Michael D and Dooling, David and Abbott, Rachel and Fulton, Robert and Magrini, Vincent and Schmidt, Heather and Kalicki-Veizer, Joelle and O'Laughlin, Michelle and Fan, Xian and Grillot, Marcus and Witowski, Sarah and Heath, Sharon and Frater, John L and Eades, William and Tomasson, Michael and Westervelt, Peter and DiPersio, John F and Link, Daniel C and Mardis, Elaine R and Ley, Timothy J and Wilson, Richard K and Graubert, Timothy A",
	number = "12",
	volume = "366",
	year = "2012",
	pmid = "22417201",
	pages = "1090--8",
}

@article{fraccaro68,
	title = "{Karyotyping clonal evolution in a cystic adenoma of the ovary}",
	journal = "{Lancet}",
	author = "Fraccaro, M and Mannini, A and Tiepolo, L and Gerli, M and Zara, C",
	number = "7543",
	volume = "1",
	year = "1968",
	pmid = "4170901",
	pages = "613--4",
}

@article{gerlinger12,
	doi = "10.1056/NEJMoa1113205 [doi]",
	title = "{Intratumor heterogeneity and branched evolution revealed by multiregion sequencing}",
	journal = "{N Engl J Med}",
	author = "Gerlinger, Marco and Rowan, Andrew J and Horswell, Stuart and Larkin, James and Endesfelder, David and Gronroos, Eva and Martinez, Pierre and Matthews, Nicholas and Stewart, Aengus and Tarpey, Patrick and Varela, Ignacio and Phillimore, Benjamin and Begum, Sharmin and McDonald, Neil Q and Butler, Adam and Jones, David and Raine, Keiran and Latimer, Calli and Santos, Claudio R and Nohadani, Mahrokh and Eklund, Aron C and Spencer-Dene, Bradley and Clark, Graham and Pickering, Lisa and Stamp, Gordon and Gore, Martin and Szallasi, Zoltan and Downward, Julian and Futreal, P Andrew and Swanton, Charles",
	number = "10",
	volume = "366",
	year = "2012",
	pmid = "22397650",
	pages = "883--92",
}

@article{navin11,
	doi = "10.1038/nature09807 [doi]",
	title = "{Tumour evolution inferred by single-cell sequencing}",
	journal = "{Nature}",
	author = "Navin, Nicholas and Kendall, Jude and Troge, Jennifer and Andrews, Peter and Rodgers, Linda and McIndoo, Jeanne and Cook, Kerry and Stepansky, Asya and Levy, Dan and Esposito, Diane and Muthuswamy, Lakshmi and Krasnitz, Alex and McCombie, W Richard and Hicks, James and Wigler, Michael",
	number = "7341",
	volume = "472",
	year = "2011",
	pmid = "21399628",
	pages = "90--4",
}

