@article{girouard11,
	doi = "10.1038/labinvest.2011.50 [doi]",
	title = "{Melanoma stem cells: not rare, but well done}",
	journal = "{Lab Invest}",
	author = "Girouard, Sasha D and Murphy, George F",
	number = "5",
	volume = "91",
	year = "2011",
	pmid = "21445060",
	pages = "647--64",
}

@article{fiala68,
	title = "{The cancer cell as a stem cell unable to differentiate. A theory of carcinogenesis}",
	journal = "{Neoplasma}",
	author = "Fiala, S",
	number = "6",
	volume = "15",
	year = "1968",
	pmid = "5704181",
	pages = "607--22",
}

