@article{gold94,
	pages = "1302--11",
	volume = "73",
	journal = "{Cancer}",
	number = "4",
	pmid = "8313335",
	year = "1994",
	author = "Gold, E B and Leviton, A and Lopez, R and Austin, D F and Gilles, F H and Hedley-Whyte, E T and Kolonel, L N and Lyon, J L and Swanson, G M and Weiss, N S",
	title = "{The role of family history in risk of childhood brain tumors}",
}

@article{scheurlen96,
	number = "10",
	author = "Scheurlen, W and Sorensen, N and Roggendorf, W and Kuhl, J",
	volume = "155",
	title = "{Molecular analysis of medulloblastomas occurring simultaneously in monozygotic twins}",
	pmid = "8891558",
	year = "1996",
	pages = "880--4",
	journal = "{Eur J Pediatr}",
}

@article{gold94,
	pages = "1302--11",
	volume = "73",
	journal = "{Cancer}",
	number = "4",
	pmid = "8313335",
	year = "1994",
	author = "Gold, E B and Leviton, A and Lopez, R and Austin, D F and Gilles, F H and Hedley-Whyte, E T and Kolonel, L N and Lyon, J L and Swanson, G M and Weiss, N S",
	title = "{The role of family history in risk of childhood brain tumors}",
}

@article{hemminki09,
	title = "{Familial risks in nervous-system tumours: a histology-specific analysis from Sweden and Norway}",
	pmid = "19356978",
	pages = "481--8",
	year = "2009",
	author = "Hemminki, Kari and Tretli, Steinar and Sundquist, Jan and Johannesen, Tom B and Granstrom, Charlotta",
	doi = "10.1016/S1470-2045(09)70076-2 [doi]",
	volume = "10",
	journal = "{Lancet Oncol}",
	number = "5",
}

@article{pearson82,
	title = "{Two families with the Li-Fraumeni cancer family syndrome}",
	pages = "362--5",
	number = "5",
	volume = "19",
	journal = "{J Med Genet}",
	year = "1982",
	author = "Pearson, A D and Craft, A W and Ratcliffe, J M and Birch, J M and Morris-Jones, P and Roberts, D F",
	pmid = "6958872",
}

@article{barel98,
	title = "{A novel germ-line mutation in the noncoding region of the p53 gene in a Li-Fraumeni family}",
	journal = "{Cancer Genet Cytogenet}",
	doi = "S0165460897002586 [pii]",
	pmid = "9595036",
	volume = "103",
	author = "Barel, D and Avigad, S and Mor, C and Fogel, M and Cohen, I J and Zaizov, R",
	pages = "1--6",
	year = "1998",
	number = "1",
}

@article{guran99,
	number = "2",
	doi = "S0165460898002763 [pii]",
	year = "1999",
	pages = "145--51",
	journal = "{Cancer Genet Cytogenet}",
	pmid = "10484981",
	title = "{Hereditary TP53 codon 292 and somatic P16INK4A codon 94 mutations in a Li-Fraumeni syndrome family}",
	volume = "113",
	author = "Guran, S and Tunca, Y and Imirzalioglu, N",
}

@article{yamazaki00,
	year = "2000",
	volume = "22",
	journal = "{J Pediatr Hematol Oncol}",
	title = "{Malignant fibrous histiocytoma preceding medulloblastoma}",
	author = "Yamazaki, Y and Sugita, K and Kurosawa, H and Ozawa, T and Eguchi, M and Wakai, S and Hata, J",
	number = "5",
	pages = "480--1",
	pmid = "11037868",
}

@article{villani11,
	title = "{Biochemical and imaging surveillance in germline TP53 mutation carriers with Li-Fraumeni syndrome: a prospective observational study}",
	journal = "{Lancet Oncol}",
	year = "2011",
	doi = "10.1016/S1470-2045(11)70119-X [doi]",
	author = "Villani, Anita and Tabori, Uri and Schiffman, Joshua and Shlien, Adam and Beyene, Joseph and Druker, Harriet and Novokmet, Ana and Finlay, Jonathan and Malkin, David",
	volume = "12",
	pages = "559--67",
	number = "6",
	pmid = "21601526",
}

@article{garre09,
	title = "{Medulloblastoma variants: age-dependent occurrence and relation to Gorlin syndrome--a new clinical perspective}",
	number = "7",
	author = "Garre, Maria Luisa and Cama, Armando and Bagnasco, Francesca and Morana, Giovanni and Giangaspero, Felice and Brisigotti, Massimo and Gambini, Claudio and Forni, Marco and Rossi, Andrea and Haupt, Riccardo and Nozza, Paolo and Barra, Salvina and Piatelli, Gianluca and Viglizzo, Gianmaria and Capra, Valeria and Bruno, William and Pastorino, Lorenza and Massimino, Maura and Tumolo, Miriam and Fidani, Paola and Dallorso, Sandro and Schumacher, Riccardo Fabian and Milanaccio, Claudia and Pietsch, Torsten",
	volume = "15",
	journal = "{Clin Cancer Res}",
	pages = "2463--71",
	doi = "10.1158/1078-0432.CCR-08-2023 [doi]",
	pmid = "19276247",
	year = "2009",
}

@article{hart87,
	doi = "0360-3016(87)90200-8 [pii]",
	title = "{Radiotherapeutic management of medulloblastoma in a pediatric patient with ataxia telangiectasia}",
	volume = "13",
	author = "Hart, R M and Kimler, B F and Evans, R G and Park, C H",
	pages = "1237--40",
	number = "8",
	journal = "{Int J Radiat Oncol Biol Phys}",
	year = "1987",
	pmid = "3610711",
}

@article{offit03,
	pmid = "14559878",
	number = "20",
	journal = "{J Natl Cancer Inst}",
	volume = "95",
	author = "Offit, Kenneth and Levran, Orna and Mullaney, Brian and Mah, Katherine and Nafa, Khedoudja and Batish, Sat Dev and Diotti, Raffaella and Schneider, Hildegard and Deffenbaugh, Amie and Scholl, Thomas and Proud, Virginia K and Robson, Mark and Norton, Larry and Ellis, Nathan and Hanenberg, Helmut and Auerbach, Arleen D",
	title = "{Shared genetic susceptibility to breast cancer, brain tumors, and Fanconi anemia}",
	year = "2003",
	pages = "1548--51",
}

@article{hirsch04,
	pmid = "14670928",
	title = "{Association of biallelic BRCA2/FANCD1 mutations with spontaneous chromosomal instability and solid tumors of childhood}",
	year = "2004",
	journal = "{Blood}",
	doi = "2003-06-1970 [pii]",
	number = "7",
	author = "Hirsch, Betsy and Shimamura, Akiko and Moreau, Lisa and Baldinger, Shari and Hag-alshiekh, Maha and Bostrom, Bruce and Sencer, Susan and D'Andrea, Alan D",
	volume = "103",
	pages = "2554--9",
}

@article{reid05,
	doi = "10.1136/jmg.2004.022673 [doi]",
	volume = "42",
	year = "2005",
	number = "2",
	author = "Reid, S and Renwick, A and Seal, S and Baskcomb, L and Barfoot, R and Jayatilake, H and Pritchard-Jones, K and Stratton, M R and Ridolfi-Luthy, A and Rahman, N",
	pmid = "15689453",
	title = "{Biallelic BRCA2 mutations are associated with multiple malignancies in childhood  including familial Wilms tumour}",
	journal = "{J Med Genet}",
	pages = "147--51",
}

@article{bakhshi03,
	title = "{Medulloblastoma with adverse reaction to radiation therapy in nijmegen breakage syndrome}",
	author = "Bakhshi, Sameer and Cerosaletti, Karen M and Concannon, Patrick and Bawle, Erawati V and Fontanesi, James and Gatti, Richard A and Bhambhani, Kanta",
	volume = "25",
	number = "3",
	pages = "248--51",
	year = "2003",
	journal = "{J Pediatr Hematol Oncol}",
	pmid = "12621246",
}

@article{distel03,
	number = "1",
	author = "Distel, Luitpold and Neubauer, Susann and Varon, Raymonda and Holter, Wolfgang and Grabenbauer, Gerhard",
	pages = "44--8",
	doi = "10.1002/mpo.10275 [doi]",
	pmid = "12764742",
	journal = "{Med Pediatr Oncol}",
	volume = "41",
	year = "2003",
	title = "{Fatal toxicity following radio- and chemotherapy of medulloblastoma in a child with unrecognized Nijmegen breakage syndrome}",
}

@article{ciara10,
	pages = "325--34",
	journal = "{Acta Neuropathol}",
	title = "{Heterozygous germ-line mutations in the NBN gene predispose to medulloblastoma in pediatric patients}",
	number = "3",
	doi = "10.1007/s00401-009-0608-y [doi]",
	volume = "119",
	author = "Ciara, Elzbieta and Piekutowska-Abramczuk, Dorota and Popowska, Ewa and Grajkowska, Wieslawa and Barszcz, Slawomir and Perek, Danuta and Dembowska-Baginska, Bozenna and Perek-Polnik, Marta and Kowalewska, Ewa and Czajnska, Aneta and Syczewska, Malgorzata and Czornak, Kamila and Krajewska-Walasek, Malgorzata and Roszkowski, Marcin and Chrzanowska, Krystyna H",
	pmid = "19908051",
	year = "2010",
}

@article{dewire09,
	doi = "10.1002/pbc.22139 [doi]",
	pmid = "19530235",
	pages = "1140--2",
	title = "{Fanconi anemia and biallelic BRCA2 mutation diagnosed in a young child with an embryonal CNS tumor}",
	number = "6",
	volume = "53",
	author = "Dewire, Mariko D and Ellison, David W and Patay, Zoltan and McKinnon, Peter J and Sanders, Robert P and Gajjar, Amar",
	year = "2009",
	journal = "{Pediatr Blood Cancer}",
}


@article{alexiou12,
	author = "Alexiou, George A and Siozos, George and Stefanaki, Kalliopi and Vlachakis, Eustathios and Sfakianos, George and Prodromou, Neofytos and Moschovi, Maria",
	year = "2012",
	doi = "10.1055/s-0032-1315430 [doi]",
	title = "{Medulloblastoma in a child with fragile X syndrome}",
	pmid = "22605614",
	pages = "155--8",
	number = "3",
	volume = "43",
	journal = "{Neuropediatrics}",
}

@article{reiman11,
	title = "{Lymphoid tumours and breast cancer in ataxia telangiectasia; substantial protective effect of residual ATM kinase activity against childhood tumours}",
	pmid = "21792198",
	volume = "105",
	doi = "10.1038/bjc.2011.266 [doi]",
	journal = "{Br J Cancer}",
	pages = "586--91",
	number = "4",
	author = "Reiman, A and Srinivasan, V and Barone, G and Last, J I and Wootton, L L and Davies, E G and Verhagen, M M and Willemsen, M A and Weemaes, C M and Byrd, P J and Izatt, L and Easton, D F and Thompson, D J and Taylor, A M",
	year = "2011",
}

@article{wolter97,
	author = "Wolter, M and Reifenberger, J and Sommer, C and Ruzicka, T and Reifenberger, G",
	volume = "57",
	year = "1997",
	title = "{Mutations in the human homologue of the Drosophila segment polarity gene patched  (PTCH) in sporadic basal cell carcinomas of the skin and primitive neuroectodermal tumors of the central nervous system}",
	pmid = "9205058",
	number = "13",
	pages = "2581--5",
	journal = "{Cancer Res}",
}

@article{jones11,
	doi = "10.1155/2011/217378 [doi]",
	pages = "217378",
	volume = "2011",
	author = "Jones, Elizabeth A and Sajid, Mohammed Imran and Shenton, Andrew and Evans, D Gareth",
	year = "2011",
	title = "{Basal cell carcinomas in gorlin syndrome: a review of 202 patients}",
	journal = "{J Skin Cancer}",
	pmid = "21152126",
}

@article{crawford09,
	author = "Crawford, John R and Rood, Brian R and Rossi, Christopher T and Vezina, Gilbert",
	number = "18",
	title = "{Medulloblastoma associated with novel PTCH mutation as primary manifestation of Gorlin syndrome}",
	pages = "1618",
	pmid = "19414732",
	doi = "10.1212/WNL.0b013e3181a413d6 [doi]",
	volume = "72",
	journal = "{Neurology}",
	year = "2009",
}

@article{taylor02,
	pmid = "12068298",
	journal = "{Nat Genet}",
	pages = "306--10",
	volume = "31",
	year = "2002",
	number = "3",
	doi = "ng916 [pii]",
	title = "{Mutations in SUFU predispose to medulloblastoma}",
	author = "Taylor, Michael D and Liu, Ling and Raffel, Corey and Hui, Chi-chung and Mainprize, Todd G and Zhang, Xiaoyun and Agatep, Ron and Chiappa, Sharon and Gao, Luzhang and Lowrance, Anja and Hao, Aihau and Goldstein, Alisa M and Stavrou, Theodora and Scherer, Stephen W and Dura, Wieslaw T and Wainwright, Brandon and Squire, Jeremy A and Rutka, James T and Hogg, David",
}

@article{martinez-lage02,
	title = "{Medulloblastomas in neurofibromatosis type 1. Case report and literature review}",
	volume = "13",
	journal = "{Neurocirugia (Astur)}",
	year = "2002",
	number = "2",
	author = "Martinez-Lage, J F and Salcedo, C and Corral, M and Poza, M",
	pages = "128--31",
	pmid = "12058604",
}

@article{brugieres10,
	doi = "10.1136/jmg.2009.067751 [doi]",
	pages = "142--4",
	pmid = "19833601",
	journal = "{J Med Genet}",
	title = "{Incomplete penetrance of the predisposition to medulloblastoma associated with germ-line SUFU mutations}",
	volume = "47",
	year = "2010",
	author = "Brugieres, Laurence and Pierron, Gaelle and Chompret, Agnes and Paillerets, Brigitte Bressac-de and Di Rocco, Federico and Varlet, Pascale and Pierre-Kahn, Alain and Caron, Olivier and Grill, Jacques and Delattre, Olivier",
	number = "2",
}

@article{brugieres12,
	journal = "{J Clin Oncol}",
	pages = "2087--93",
	title = "{High frequency of germline SUFU mutations in children with desmoplastic/nodular medulloblastoma younger than 3 years of age}",
	volume = "30",
	number = "17",
	year = "2012",
	pmid = "22508808",
	author = "Brugieres, Laurence and Remenieras, Audrey and Pierron, Gaelle and Varlet, Pascale and Forget, Sebastien and Byrde, Veronique and Bombled, Johny and Puget, Stephanie and Caron, Olivier and Dufour, Christelle and Delattre, Olivier and Bressac-de Paillerets, Brigitte and Grill, Jacques",
	doi = "10.1200/JCO.2011.38.7258 [doi]",
}

@article{calzada-wack02,
	doi = "10.1002/humu.9056 [doi]",
	pmid = "12204003",
	volume = "20",
	author = "Calzada-Wack, Julia and Schnitzbauer, Udo and Walch, Axel and Wurster, Karl-Heinz and Kappler, Roland and Nathrath, Michaela and Hahn, Heidi",
	number = "3",
	journal = "{Hum Mutat}",
	title = "{Analysis of the PTCH coding region in human rhabdomyosarcoma}",
	pages = "233--4",
	year = "2002",
}

@article{ohgaki10,
	title = "{Nervous system tumors associated with familial tumor syndromes}",
	volume = "23",
	year = "2010",
	pages = "583--91",
	doi = "10.1097/WCO.0b013e3283405b5f [doi]",
	journal = "{Curr Opin Neurol}",
	number = "6",
	pmid = "21042217",
	author = "Ohgaki, Hiroko and Kim, Young-Ho and Steinbach, Joachim P",
}

@article{slade11,
	pages = "273--8",
	title = "{DICER1 syndrome: clarifying the diagnosis, clinical features and management implications of a pleiotropic tumour predisposition syndrome}",
	author = "Slade, Ingrid and Bacchelli, Chiara and Davies, Helen and Murray, Anne and Abbaszadeh, Fatemeh and Hanks, Sandra and Barfoot, Rita and Burke, Amos and Chisholm, Julia and Hewitt, Martin and Jenkinson, Helen and King, Derek and Morland, Bruce and Pizer, Barry and Prescott, Katrina and Saggar, Anand and Side, Lucy and Traunecker, Heidi and Vaidya, Sucheta and Ward, Paul and Futreal, P Andrew and Vujanic, Gordan and Nicholson, Andrew G and Sebire, Neil and Turnbull, Clare and Priest, John R and Pritchard-Jones, Kathryn and Houlston, Richard and Stiller, Charles and Stratton, Michael R and Douglas, Jenny and Rahman, Nazneen",
	pmid = "21266384",
	doi = "10.1136/jmg.2010.083790 [doi]",
	journal = "{J Med Genet}",
	year = "2011",
	number = "4",
	volume = "48",
}

@article{bourdeaut14,
	pmid = "24115570",
	number = "2",
	doi = "10.1002/pbc.24765 [doi]",
	title = "{Rubinstein-Taybi syndrome predisposing to non-WNT, non-SHH, group 3 medulloblastoma}",
	journal = "{Pediatr Blood Cancer}",
	author = "Bourdeaut, Franck and Miquel, Catherine and Richer, Wilfrid and Grill, Jacques and Zerah, Michel and Grison, Camille and Pierron, Gaelle and Amiel, Jeanne and Krucker, Clementine and Radvanyi, Francois and Brugieres, Laurence and Delattre, Olivier",
	year = "2014",
	volume = "61",
	pages = "383--6",
}

@article{tan12,
	author = "Tan, Min-Han and Mester, Jessica L and Ngeow, Joanne and Rybicki, Lisa A and Orloff, Mohammed S and Eng, Charis",
	pmid = "22252256",
	number = "2",
	doi = "10.1158/1078-0432.CCR-11-2283 [doi]",
	year = "2012",
	journal = "{Clin Cancer Res}",
	title = "{Lifetime cancer risks in individuals with germline PTEN mutations}",
	volume = "18",
	pages = "400--7",
}

@article{lauge99,
	number = "3",
	author = "Lauge, A and Lefebvre, C and Laurent-Puig, P and Caux, V and Gad, S and Eng, C and Longy, M and Stoppa-Lyonnet, D",
	doi = "10.1002/(SICI)1097-0215(19990621)84:3&lt;216::AID-IJC3&gt;3.0.CO;2-E [pii]",
	volume = "84",
	pmid = "10371336",
	pages = "216--9",
	year = "1999",
	journal = "{Int J Cancer}",
	title = "{No evidence for germline PTEN mutations in families with breast and brain tumours}",
}

@article{lee02,
	volume = "5",
	title = "{Rhabdoid tumor of the kidney is a component of the rhabdoid predisposition syndrome}",
	author = "Lee, Hwei-Yee and Yoon, Chui-Shuen and Sevenet, Nicolas and Rajalingam, Vasanthi and Delattre, Olivier and Walford, Norman Q",
	pages = "395--9",
	year = "2002",
	journal = "{Pediatr Dev Pathol}",
	pmid = "12016529",
	number = "4",
	doi = "10.1007/s10024-001-0259-z [doi]",
}

@article{sevenet99,
	volume = "65",
	doi = "10.1086/302639 [doi]",
	pages = "1342--8",
	number = "5",
	title = "{Constitutional mutations of the hSNF5/INI1 gene predispose to a variety of cancers}",
	pmid = "10521299",
	journal = "{Am J Hum Genet}",
	year = "1999",
	author = "Sevenet, N and Sheridan, E and Amram, D and Schneider, P and Handgretinger, R and Delattre, O",
}

@article{hamilton95,
	title = "{The molecular basis of Turcot's syndrome}",
	pmid = "7661930",
	year = "1995",
	pages = "839--47",
	doi = "10.1056/NEJM199503303321302 [doi]",
	author = "Hamilton, S R and Liu, B and Parsons, R E and Papadopoulos, N and Jen, J and Powell, S M and Krush, A J and Berk, T and Cohen, Z and Tetu, B",
	volume = "332",
	journal = "{N Engl J Med}",
	number = "13",
}

@article{vortmeyer99,
	journal = "{Cancer}",
	doi = "10.1002/(SICI)1097-0142(19990615)85:12&lt;2662::AID-CNCR24&gt;3.0.CO;2-0 [pii]",
	year = "1999",
	pmid = "10375116",
	volume = "85",
	author = "Vortmeyer, A O and Stavrou, T and Selby, D and Li, G and Weil, R J and Park, W S and Moon, Y W and Chandra, R and Goldstein, A M and Zhuang, Z",
	title = "{Deletion analysis of the adenomatous polyposis coli and PTCH gene loci in patients with sporadic and nevoid basal cell carcinoma syndrome-associated medulloblastoma}",
	number = "12",
	pages = "2662--7",
}

@article{ohgaki10,
	title = "{Nervous system tumors associated with familial tumor syndromes}",
	volume = "23",
	year = "2010",
	pages = "583--91",
	doi = "10.1097/WCO.0b013e3283405b5f [doi]",
	journal = "{Curr Opin Neurol}",
	number = "6",
	pmid = "21042217",
	author = "Ohgaki, Hiroko and Kim, Young-Ho and Steinbach, Joachim P",
}

