@article{ward14,
	journal = "{CA Cancer J Clin}",
	year = "2014",
	volume = "64",
	title = "{Childhood and adolescent cancer statistics, 2014}",
	pmid = "24488779",
	number = "2",
	author = "Ward, Elizabeth and DeSantis, Carol and Robbins, Anthony and Kohler, Betsy and Jemal, Ahmedin",
	pages = "83--103",
	doi = "10.3322/caac.21219 [doi]",
}
@techreport{murphy13,
	author = "Sherry L. Murphy and Jiaquan Xu and Kenneth D. Kochanek",
	title = "Deaths: Final Data for 2010. National Vital Statistics Reports",
	year = "2013",
	volume = "61",
	number = "4",
	address = "Hyattsville, MD",
	institution = "National Center for Health Statistics",
	url = {http://www.cdc.gov/nchs/data/nvsr/nvsr61/nvsr61_04.pdf},
}
@techreport{howlader14,
	author = "Howlader, N and Noone, A M and Krapcho, M and Garshell, J and Miller, D and Altekruse, S F and Kosary, C L and Yu, M and Ruhl, J and Tatalovich, Z and Mariotto, A and Lewis, D R and Chen, H S and Feuer, E J and Cronin K A",
	title = "SEER Cancer Statistics Review, 1975-2011",
	year = "2014",
	month = "April",
	institution = "National Cancer Institute",
	address = "Bethesda, MD",
	url = {http://seer.cancer.gov/csr/1975_2011/},
}

@article{smoll12,
	author = "Smoll, Nicolas R and Drummond, Katharine J",
	pmid = "22981874",
	volume = "19",
	pages = "1541--4",
	title = "{The incidence of medulloblastomas and primitive neurectodermal tumours in adults  and children}",
	doi = "10.1016/j.jocn.2012.04.009 [doi]",
	year = "2012",
	number = "11",
	journal = "{J Clin Neurosci}",
}

@article{suh02,
	volume = "56",
	author = "Suh, Yeon-Lim and Koo, Heasoo and Kim, Tai Seung and Chi, Je G and Park, Sung-Hye and Khang, Shin Kwang and Choe, Gheeyoung and Lee, Min Cheol and Hong, Eun Kyung and Sohn, Yoon Kyung and Chae, Yang Seok and Kim, Dong Sug and Huh, Gi Yeong and Lee, Sang Sook and Lee, Youn Soo",
	journal = "{J Neurooncol}",
	pmid = "12061732",
	title = "{Tumors of the central nervous system in Korea: a multicenter study of 3221 cases}",
	year = "2002",
	number = "3",
	pages = "251--9",
}

@article{magnani97,
	number = "1",
	author = "Magnani, C and Pastore, G",
	journal = "{Tumori}",
	pmid = "9152468",
	pages = "426--89",
	title = "{Survival of childhood cancer patients in Italy, 1978-1989. ITACARE Working Group}",
	year = "1997",
	volume = "83",
}

