
@article{goodrich97,
	pages = "1109--13",
	year = "1997",
	journal = "{Science}",
	volume = "277",
	title = "{Altered neural cell fates and medulloblastoma in mouse patched mutants}",
	pmid = "9262482",
	author = "Goodrich, L V and Milenkovic, L and Higgins, K M and Scott, M P",
	number = "5329",
}

@article{wetmore00,
	volume = "60",
	year = "2000",
	number = "8",
	pages = "2239--46",
	author = "Wetmore, C and Eberhart, D E and Curran, T",
	journal = "{Cancer Res}",
	pmid = "10786690",
	title = "{The normal patched allele is expressed in medulloblastomas from mice with heterozygous germ-line mutation of patched}",
}

@article{gibson10,
	author = "Gibson, Paul and Tong, Yiai and Robinson, Giles and Thompson, Margaret C and Currle, D Spencer and Eden, Christopher and Kranenburg, Tanya A and Hogg, Twala and Poppleton, Helen and Martin, Julie and Finkelstein, David and Pounds, Stanley and Weiss, Aaron and Patay, Zoltan and Scoggins, Matthew and Ogg, Robert and Pei, Yanxin and Yang, Zeng-Jie and Brun, Sonja and Lee, Youngsoo and Zindy, Frederique and Lindsey, Janet C and Taketo, Makoto M and Boop, Frederick A and Sanford, Robert A and Gajjar, Amar and Clifford, Steven C and Roussel, Martine F and McKinnon, Peter J and Gutmann, David H and Ellison, David W and Wechsler-Reya, Robert and Gilbertson, Richard J",
	volume = "468",
	year = "2010",
	pmid = "21150899",
	doi = "10.1038/nature09587 [doi]",
	number = "7327",
	pages = "1095--9",
	journal = "{Nature}",
	title = "{Subtypes of medulloblastoma have distinct developmental origins}",
}

@article{pazzaglia02,
	doi = "10.1038/sj.onc.1205973 [doi]",
	pages = "7580--4",
	author = "Pazzaglia, Simonetta and Mancuso, Mariateresa and Atkinson, Michael J and Tanori, Mirella and Rebessi, Simonetta and Majo, Vincenzo Di and Covelli, Vincenzo and Hahn, Heidi and Saran, Anna",
	year = "2002",
	volume = "21",
	pmid = "12386820",
	title = "{High incidence of medulloblastoma following X-ray-irradiation of newborn Ptc1 heterozygous mice}",
	number = "49",
	journal = "{Oncogene}",
}

@article{pazzaglia04,
	volume = "64",
	number = "11",
	author = "Pazzaglia, Simonetta and Mancuso, Mariateresa and Tanori, Mirella and Atkinson, Michael J and Merola, Paola and Rebessi, Simonetta and Di Majo, Vincenzo and Covelli, Vincenzo and Hahn, Heidi and Saran, Anna",
	journal = "{Cancer Res}",
	pages = "3798--806",
	pmid = "15172986",
	title = "{Modulation of patched-associated susceptibility to radiation induced tumorigenesis by genetic background}",
	year = "2004",
	doi = "64/11/3798 [pii]",
}

