@article{zhukova14,
	pages = "174",
	pmid = "25539912",
	author = "Zhukova, Nataliya and Ramaswamy, Vijay and Remke, Marc and Martin, Dianna C and Castelo-Branco, Pedro and Zhang, Cindy H and Fraser, Michael and Tse, Ken and Poon, Raymond and Shih, David Jh and Baskin, Berivan and Ray, Peter N and Bouffet, Eric and Dirks, Peter and von Bueren, Andre O and Pfaff, Elke and Korshunov, Andrey and Jones, David Tw and Northcott, Paul A and Kool, Marcel and Pugh, Trevor J and Pomeroy, Scott L and Cho, Yoon-Jae and Pietsch, Torsten and Gessi, Marco and Rutkowski, Stefan and Bognar, Laszlo and Cho, Byung-Kyu and Eberhart, Charles G and Conter, Cecile Faure and Fouladi, Maryam and French, Pim J and Grajkowska, Wieslawa A and Gupta, Nalin and Hauser, Peter and Jabado, Nada and Vasiljevic, Alexandre and Jung, Shin and Kim, Seung-Ki and Klekner, Almos and Kumabe, Toshihiro and Lach, Boleslaw and Leonard, Jeffrey R and Liau, Linda M and Massimi, Luca and Pollack, Ian F and Ra, Young Shin and Rubin, Joshua B and Van Meir, Erwin G and Wang, Kyu-Chang and Weiss, William A and Zitterbart, Karel and Bristow, Robert G and Alman, Benjamin and Hawkins, Cynthia E and Malkin, David and Clifford, Steven C and Pfister, Stefan M and Taylor, Michael D and Tabori, Uri",
	doi = "10.1186/s40478-014-0174-y [doi]",
	year = "2014",
	journal = "{Acta Neuropathol Commun}",
	title = "{WNT activation by lithium abrogates TP53 mutation associated radiation resistance in medulloblastoma}",
	volume = "2",
	number = "1",
}

@article{kieran14,
	journal = "{Neuro Oncol}",
	volume = "16",
	title = "{Targeted treatment for sonic hedgehog-dependent medulloblastoma}",
	pmid = "24951114",
	author = "Kieran, Mark W",
	number = "8",
	year = "2014",
	pages = "1037--47",
	doi = "10.1093/neuonc/nou109 [doi]",
}

@article{justilien15,
	number = "3",
	year = "2015",
	pages = "505--13",
	doi = "10.1158/1078-0432.CCR-14-0507 [doi]",
	author = "Justilien, Verline and Fields, Alan P",
	volume = "21",
	pmid = "25646180",
	title = "{Molecular pathways: novel approaches for improved therapeutic targeting of hedgehog signaling in cancer stem cells}",
	journal = "{Clin Cancer Res}",
}

@article{he14,
	doi = "10.3892/or.2014.3206 [doi]",
	year = "2014",
	journal = "{Oncol Rep}",
	volume = "32",
	number = "1",
	title = "{Curcumin suppresses cell proliferation through inhibition of the Wnt/beta-catenin signaling pathway in medulloblastoma}",
	author = "He, Misi and Li, Yu and Zhang, Li and Li, Longjiang and Shen, Yi and Lin, Ling and Zheng, Weiping and Chen, Li and Bian, Xiuwu and Ng, Ho-Keung and Tang, Li",
	pmid = "24858998",
	pages = "173--80",
}

@article{amakye13,
	number = "11",
	year = "2013",
	pmid = "24202394",
	volume = "19",
	doi = "10.1038/nm.3389 [doi]",
	author = "Amakye, Dereck and Jagani, Zainab and Dorsch, Marion",
	journal = "{Nat Med}",
	title = "{Unraveling the therapeutic potential of the Hedgehog pathway in cancer}",
	pages = "1410--22",
}

@article{crowther13,
	number = "46",
	volume = "33",
	pmid = "24227720",
	pages = "18098--108",
	author = "Crowther, Andrew J and Gama, Vivian and Bevilacqua, Ariana and Chang, Sha X and Yuan, Hong and Deshmukh, Mohanish and Gershon, Timothy R",
	journal = "{J Neurosci}",
	year = "2013",
	doi = "10.1523/JNEUROSCI.2602-13.2013 [doi]",
	title = "{Tonic activation of Bax primes neural progenitors for rapid apoptosis through a mechanism preserved in medulloblastoma}",
}

@article{bandopadhayay14,
	doi = "10.1158/1078-0432.CCR-13-2281 [doi]",
	year = "2014",
	pmid = "24297863",
	title = "{BET bromodomain inhibition of MYC-amplified medulloblastoma}",
	journal = "{Clin Cancer Res}",
	number = "4",
	author = "Bandopadhayay, Pratiti and Bergthold, Guillaume and Nguyen, Brian and Schubert, Simone and Gholamin, Sharareh and Tang, Yujie and Bolin, Sara and Schumacher, Steven E and Zeid, Rhamy and Masoud, Sabran and Yu, Furong and Vue, Nujsaubnusi and Gibson, William J and Paolella, Brenton R and Mitra, Siddhartha S and Cheshier, Samuel H and Qi, Jun and Liu, Kun-Wei and Wechsler-Reya, Robert and Weiss, William A and Swartling, Fredrik J and Kieran, Mark W and Bradner, James E and Beroukhim, Rameen and Cho, Yoon-Jae",
	volume = "20",
	pages = "912--25",
}

@article{macdonald14,
	year = "2014",
	number = "1",
	author = "MacDonald, Tobey J and Aguilera, Dolly and Castellino, Robert C",
	pmid = "24305711",
	title = "{The rationale for targeted therapies in medulloblastoma}",
	journal = "{Neuro Oncol}",
	doi = "10.1093/neuonc/not147 [doi]",
	pages = "9--20",
	volume = "16",
}

@article{brun14,
	doi = "10.1038/onc.2014.304 [doi]",
	year = "2014",
	journal = "{Oncogene}",
	pmid = "25241898",
	author = "Brun, S N and Markant, S L and Esparza, L A and Garcia, G and Terry, D and Huang, J-M and Pavlyukov, M S and Li, X-N and Grant, G A and Crawford, J R and Levy, M L and Conway, E M and Smith, L H and Nakano, I and Berezov, A and Greene, M I and Wang, Q and Wechsler-Reya, R J",
	volume = "0",
	title = "{Survivin as a therapeutic target in Sonic hedgehog-driven medulloblastoma}",
}

@article{leary12,
	pmid = "22189395",
	doi = "10.1097/MOP.0b013e32834ec106 [doi]",
	title = "{The molecular classification of medulloblastoma: driving the next generation clinical trials}",
	pages = "33--9",
	author = "Leary, Sarah E S and Olson, James M",
	volume = "24",
	number = "1",
	journal = "{Curr Opin Pediatr}",
	year = "2012",
}

@article{packer96,
	title = "{Chemotherapy for Childhood Medulloblastoma and Primitive Neuroectodermal Tumors}",
	pages = "381--393",
	author = "Packer and Finlay",
	pmid = "10388020",
	number = "6",
	journal = "{Oncologist}",
	year = "1996",
	volume = "1",
}

@article{rudin09,
	journal = "{N Engl J Med}",
	number = "12",
	author = "Rudin, Charles M and Hann, Christine L and Laterra, John and Yauch, Robert L and Callahan, Christopher A and Fu, Ling and Holcomb, Thomas and Stinson, Jeremy and Gould, Stephen E and Coleman, Barbara and LoRusso, Patricia M and Von Hoff, Daniel D and de Sauvage, Frederic J and Low, Jennifer A",
	year = "2009",
	pmid = "19726761",
	volume = "361",
	pages = "1173--8",
	title = "{Treatment of medulloblastoma with hedgehog pathway inhibitor GDC-0449}",
	doi = "10.1056/NEJMoa0902903 [doi]",
}

