@article{mainprize00,
	title = "{Pediatric brain tumors: a contemporary prospectus}",
	journal = "{Clin Neurosurg}",
	author = "Mainprize, T G and Taylor, M D and Rutka, J T",
	volume = "47",
	year = "2000",
	pmid = "11197707",
	pages = "259--302",
}

@article{taylor12,
	doi = "10.1007/s00401-011-0922-z [doi]",
	title = "{Molecular subgroups of medulloblastoma: the current consensus}",
	journal = "{Acta Neuropathol}",
	author = "Taylor, Michael D and Northcott, Paul A and Korshunov, Andrey and Remke, Marc and Cho, Yoon-Jae and Clifford, Steven C and Eberhart, Charles G and Parsons, D Williams and Rutkowski, Stefan and Gajjar, Amar and Ellison, David W and Lichter, Peter and Gilbertson, Richard J and Pomeroy, Scott L and Kool, Marcel and Pfister, Stefan M",
	number = "4",
	volume = "123",
	year = "2012",
	pmid = "22134537",
	pages = "465--72",
}

@article{northcott09,
	journal = "{Nat Genet}",
	volume = "41",
	doi = "10.1038/ng.336 [doi]",
	pmid = "19270706",
	pages = "465--72",
	year = "2009",
	title = "{Multiple recurrent genetic events converge on control of histone lysine methylation in medulloblastoma}",
	number = "4",
	author = "Northcott, Paul A and Nakahara, Yukiko and Wu, Xiaochong and Feuk, Lars and Ellison, David W and Croul, Sid and Mack, Stephen and Kongkham, Paul N and Peacock, John and Dubuc, Adrian and Ra, Young-Shin and Zilberberg, Karen and McLeod, Jessica and Scherer, Stephen W and Sunil Rao, J and Eberhart, Charles G and Grajkowska, Wiesia and Gillespie, Yancey and Lach, Boleslaw and Grundy, Richard and Pollack, Ian F and Hamilton, Ronald L and Van Meter, Timothy and Carlotti, Carlos G and Boop, Frederick and Bigner, Darrell and Gilbertson, Richard J and Rutka, James T and Taylor, Michael D",
}

@article{remke11,
	doi = "10.1200/JCO.2011.34.9373 [doi]",
	title = "{Adult medulloblastoma comprises three major molecular variants}",
	journal = "{J Clin Oncol}",
	author = "Remke, Marc and Hielscher, Thomas and Northcott, Paul A and Witt, Hendrik and Ryzhova, Marina and Wittmann, Andrea and Benner, Axel and von Deimling, Andreas and Scheurlen, Wolfram and Perry, Arie and Croul, Sidney and Kulozik, Andreas E and Lichter, Peter and Taylor, Michael D and Pfister, Stefan M and Korshunov, Andrey",
	number = "19",
	volume = "29",
	year = "2011",
	pmid = "21632505",
	pages = "2717--23",
}

@article{northcott11a,
	doi = "10.1200/JCO.2009.27.4324 [doi]",
	title = "{Medulloblastoma comprises four distinct molecular variants}",
	journal = "{J Clin Oncol}",
	author = "Northcott, Paul A and Korshunov, Andrey and Witt, Hendrik and Hielscher, Thomas and Eberhart, Charles G and Mack, Stephen and Bouffet, Eric and Clifford, Steven C and Hawkins, Cynthia E and French, Pim and Rutka, James T and Pfister, Stefan and Taylor, Michael D",
	number = "11",
	volume = "29",
	year = "2011",
	pmid = "20823417",
	pages = "1408--14",
}

@article{kool12,
	doi = "10.1007/s00401-012-0958-8 [doi]",
	title = "{Molecular subgroups of medulloblastoma: an international meta-analysis of transcriptome, genetic aberrations, and clinical data of WNT, SHH, Group 3, and Group 4 medulloblastomas}",
	journal = "{Acta Neuropathol}",
	author = "Kool, Marcel and Korshunov, Andrey and Remke, Marc and Jones, David T W and Schlanstein, Maria and Northcott, Paul A and Cho, Yoon-Jae and Koster, Jan and Schouten-van Meeteren, Antoinette and van Vuurden, Dannis and Clifford, Steven C and Pietsch, Torsten and von Bueren, Andre O and Rutkowski, Stefan and McCabe, Martin and Collins, V Peter and Backlund, Magnus L and Haberler, Christine and Bourdeaut, Franck and Delattre, Olivier and Doz, Francois and Ellison, David W and Gilbertson, Richard J and Pomeroy, Scott L and Taylor, Michael D and Lichter, Peter and Pfister, Stefan M",
	number = "4",
	volume = "123",
	year = "2012",
	pmid = "22358457",
	pages = "473--84",
}

@article{kool08,
	doi = "10.1371/journal.pone.0003088 [doi]",
	title = "{Integrated genomics identifies five medulloblastoma subtypes with distinct genetic profiles, pathway signatures and clinicopathological features}",
	journal = "{PLoS One}",
	author = "Kool, Marcel and Koster, Jan and Bunt, Jens and Hasselt, Nancy E and Lakeman, Arjan and van Sluis, Peter and Troost, Dirk and Meeteren, Netteke Schouten-van and Caron, Huib N and Cloos, Jacqueline and Mrsic, Alan and Ylstra, Bauke and Grajkowska, Wieslawa and Hartmann, Wolfgang and Pietsch, Torsten and Ellison, David and Clifford, Steven C and Versteeg, Rogier",
	number = "8",
	volume = "3",
	year = "2008",
	pmid = "18769486",
	pages = "e3088",
}

@article{cho11,
	doi = "10.1200/JCO.2010.28.5148 [doi]",
	title = "{Integrative genomic analysis of medulloblastoma identifies a molecular subgroup that drives poor clinical outcome}",
	journal = "{J Clin Oncol}",
	author = "Cho, Yoon-Jae and Tsherniak, Aviad and Tamayo, Pablo and Santagata, Sandro and Ligon, Azra and Greulich, Heidi and Berhoukim, Rameen and Amani, Vladimir and Goumnerova, Liliana and Eberhart, Charles G and Lau, Ching C and Olson, James M and Gilbertson, Richard J and Gajjar, Amar and Delattre, Olivier and Kool, Marcel and Ligon, Keith and Meyerson, Matthew and Mesirov, Jill P and Pomeroy, Scott L",
	number = "11",
	volume = "29",
	year = "2011",
	pmid = "21098324",
	pages = "1424--30",
}

@article{gajjar06,
	doi = "10.1016/S1470-2045(06)70867-1 [doi]",
	title = "{Risk-adapted craniospinal radiotherapy followed by high-dose chemotherapy and stem-cell rescue in children with newly diagnosed medulloblastoma (St Jude Medulloblastoma-96): long-term results from a prospective, multicentre trial}",
	journal = "{Lancet Oncol}",
	author = "Gajjar, Amar and Chintagumpala, Murali and Ashley, David and Kellie, Stewart and Kun, Larry E and Merchant, Thomas E and Woo, Shaio and Wheeler, Greg and Ahern, Valerie and Krasin, Matthew J and Fouladi, Maryam and Broniscer, Alberto and Krance, Robert and Hale, Gregory A and Stewart, Clinton F and Dauser, Robert and Sanford, Robert A and Fuller, Christine and Lau, Ching and Boyett, James M and Wallace, Dana and Gilbertson, Richard J",
	number = "10",
	volume = "7",
	year = "2006",
	pmid = "17012043",
	pages = "813--20",
}

@article{spiegler04,
	doi = "JCO.2004.05.186 [pii]",
	title = "{Change in neurocognitive functioning after treatment with cranial radiation in childhood}",
	journal = "{J Clin Oncol}",
	author = "Spiegler, Brenda J and Bouffet, Eric and Greenberg, Mark L and Rutka, James T and Mabbott, Donald J",
	number = "4",
	volume = "22",
	year = "2004",
	pmid = "14966095",
	pages = "706--13",
}

@article{mabbott05,
	doi = "10.1200/JCO.2005.01.158 [doi]",
	title = "{Serial evaluation of academic and behavioral outcome after treatment with cranial radiation in childhood}",
	journal = "{J Clin Oncol}",
	author = "Mabbott, Donald J and Spiegler, Brenda J and Greenberg, Mark L and Rutka, James T and Hyder, Douglas J and Bouffet, Eric",
	number = "10",
	volume = "23",
	year = "2005",
	pmid = "15800316",
	pages = "2256--63",
}

@article{thompson06,
	doi = "10.1200/JCO.2005.04.4974 [doi]",
	title = "{Genomics identifies medulloblastoma subgroups that are enriched for specific genetic alterations}",
	journal = "{J Clin Oncol}",
	author = "Thompson, Margaret C and Fuller, Christine and Hogg, Twala L and Dalton, James and Finkelstein, David and Lau, Ching C and Chintagumpala, Murali and Adesina, Adekunle and Ashley, David M and Kellie, Stewart J and Taylor, Michael D and Curran, Tom and Gajjar, Amar and Gilbertson, Richard J",
	number = "12",
	volume = "24",
	year = "2006",
	pmid = "16567768",
	pages = "1924--31",
}

@article{bouffet10,
	doi = "10.1016/j.ctrv.2010.02.009 [doi]",
	title = "{Possibilities of new therapeutic strategies in brain tumors}",
	journal = "{Cancer Treat Rev}",
	author = "Bouffet, Eric and Tabori, Uri and Huang, Annie and Bartels, Ute",
	number = "4",
	volume = "36",
	year = "2010",
	pmid = "20188479",
	pages = "335--41",
}

@article{bunt11,
	doi = "PONE-D-11-17205 [pii]",
	title = "{Joint binding of OTX2 and MYC in promotor regions is associated with high gene expression in medulloblastoma}",
	journal = "{PLoS One}",
	author = "Bunt, Jens and Hasselt, Nancy E and Zwijnenburg, Danny A and Koster, Jan and Versteeg, Rogier and Kool, Marcel",
	number = "10",
	volume = "6",
	year = "2011",
	pmid = "22016811",
	pages = "e26058",
}

@article{zhang14,
	author = "Zhang, Zhen-Yu and Xu, Jian and Ren, Yong and Yao, Yu and Li, Kay Ka-Wai and Ng, Ho-Keung and Mao, Ying and Zhou, Liang-Fu and Zhong, Ping",
	title = "{Medulloblastoma in China: clinicopathologic analyses of SHH, WNT, and non-SHH/WNT molecular subgroups reveal different therapeutic responses to adjuvant chemotherapy}",
	number = "6",
	year = "2014",
	journal = "{PLoS One}",
	volume = "9",
	pmid = "24932704",
	doi = "PONE-D-14-01216 [pii]",
	pages = "e99490",
}

@article{lee10,
	doi = "10.1073/pnas.1004602107 [doi]",
	pages = "9736--41",
	author = "Lee, Eunice Y and Ji, Hongkai and Ouyang, Zhengqing and Zhou, Baiyu and Ma, Wenxiu and Vokes, Steven A and McMahon, Andrew P and Wong, Wing H and Scott, Matthew P",
	number = "21",
	title = "{Hedgehog pathway-regulated gene networks in cerebellum development and tumorigenesis}",
	volume = "107",
	pmid = "20460306",
	journal = "{Proc Natl Acad Sci U S A}",
	year = "2010",
}

@article{schwalbe13,
	pages = "359--71",
	year = "2013",
	doi = "10.1007/s00401-012-1077-2 [doi]",
	title = "{DNA methylation profiling of medulloblastoma allows robust subclassification and  improved outcome prediction using formalin-fixed biopsies}",
	author = "Schwalbe, Edward C and Williamson, Daniel and Lindsey, Janet C and Hamilton, Dolores and Ryan, Sarra L and Megahed, Hisham and Garami, Miklos and Hauser, Peter and Dembowska-Baginska, Bozena and Perek, Danuta and Northcott, Paul A and Taylor, Michael D and Taylor, Roger E and Ellison, David W and Bailey, Simon and Clifford, Steven C",
	volume = "125",
	journal = "{Acta Neuropathol}",
	number = "3",
	pmid = "23291781",
}

@article{hovestadt13,
	number = "6",
	doi = "10.1007/s00401-013-1126-5 [doi]",
	year = "2013",
	pmid = "23670100",
	pages = "913--6",
	title = "{Robust molecular subgrouping and copy-number profiling of medulloblastoma from small amounts of archival tumour material using high-density DNA methylation arrays}",
	author = "Hovestadt, Volker and Remke, Marc and Kool, Marcel and Pietsch, Torsten and Northcott, Paul A and Fischer, Roger and Cavalli, Florence M G and Ramaswamy, Vijay and Zapatka, Marc and Reifenberger, Guido and Rutkowski, Stefan and Schick, Matthias and Bewerunge-Hudler, Melanie and Korshunov, Andrey and Lichter, Peter and Taylor, Michael D and Pfister, Stefan M and Jones, David T W",
	journal = "{Acta Neuropathol}",
	volume = "125",
}

@article{raffel97,
	pmid = "9041183",
	year = "1997",
	title = "{Sporadic medulloblastomas contain PTCH mutations}",
	journal = "{Cancer Res}",
	number = "5",
	pages = "842--5",
	author = "Raffel, C and Jenkins, R B and Frederick, L and Hebrink, D and Alderete, B and Fults, D W and James, C D",
	volume = "57",
}

@article{taipale00,
	volume = "406",
	pmid = "10984056",
	year = "2000",
	pages = "1005--9",
	doi = "10.1038/35023008 [doi]",
	number = "6799",
	author = "Taipale, J and Chen, J K and Cooper, M K and Wang, B and Mann, R K and Milenkovic, L and Scott, M P and Beachy, P A",
	journal = "{Nature}",
	title = "{Effects of oncogenic mutations in Smoothened and Patched can be reversed by cyclopamine}",
}

@article{reifenberger98,
	volume = "58",
	journal = "{Cancer Res}",
	year = "1998",
	author = "Reifenberger, J and Wolter, M and Weber, R G and Megahed, M and Ruzicka, T and Lichter, P and Reifenberger, G",
	number = "9",
	title = "{Missense mutations in SMOH in sporadic basal cell carcinomas of the skin and primitive neuroectodermal tumors of the central nervous system}",
	pmid = "9581815",
	pages = "1798--803",
}

