@article{liu09,
	doi = "10.1038/nm.1944 [doi]",
	title = "{Copy number analysis indicates monoclonal origin of lethal metastatic prostate cancer}",
	journal = "{Nat Med}",
	author = "Liu, Wennuan and Laitinen, Sari and Khan, Sofia and Vihinen, Mauno and Kowalski, Jeanne and Yu, Guoqiang and Chen, Li and Ewing, Charles M and Eisenberger, Mario A and Carducci, Michael A and Nelson, William G and Yegnasubramanian, Srinivasan and Luo, Jun and Wang, Yue and Xu, Jianfeng and Isaacs, William B and Visakorpi, Tapio and Bova, G Steven",
	number = "5",
	volume = "15",
	year = "2009",
	pmid = "19363497",
	pages = "559--65",
}

