@article{reimand11,
	pmid = "21646343",
	volume = "39",
	number = "Web Server issue",
	author = "Reimand, Juri and Arak, Tambet and Vilo, Jaak",
	title = "{g:Profiler--a web server for functional interpretation of gene lists (2011 update)}",
	doi = "10.1093/nar/gkr378 [doi]",
	journal = "{Nucleic Acids Res}",
	year = "2011",
	pages = "W307--15",
}
@article{merico10,
	journal = "{PLoS One}",
	volume = "5",
	author = "Merico, Daniele and Isserlin, Ruth and Stueker, Oliver and Emili, Andrew and Bader, Gary D",
	pages = "e13984",
	pmid = "21085593",
	year = "2010",
	number = "11",
	doi = "10.1371/journal.pone.0013984 [doi]",
	title = "{Enrichment map: a network-based method for gene-set enrichment visualization and  interpretation}",
}


