@article{heagerty05,
	year = "2005",
	doi = "10.1111/j.0006-341X.2005.030814.x [doi]",
	journal = "{Biometrics}",
	title = "{Survival model predictive accuracy and ROC curves}",
	pmid = "15737082",
	pages = "92--105",
	author = "Heagerty, Patrick J and Zheng, Yingye",
	volume = "61",
	number = "1",
}

@article{wu07,
	author = "Wu, Zhaohua and Huang, Norden E and Long, Steven R and Peng, Chung-Kang",
	volume = "104",
	pmid = "17846430",
	title = "{On the trend, detrending, and variability of nonlinear and nonstationary time series}",
	doi = "10.1073/pnas.0701020104 [doi]",
	number = "38",
	journal = "{Proc Natl Acad Sci U S A}",
	year = "2007",
	pages = "14889--94",
}

@article{storey03,
	number = "16",
	doi = "1530509100 [pii]",
	year = "2003",
	pages = "9440--5",
	pmid = "12883005",
	journal = "{Proc Natl Acad Sci U S A}",
	volume = "100",
	title = "{Statistical significance for genomewide studies}",
	author = "Storey, John D and Tibshirani, Robert",
}

@article{miller11,
	pages = "34",
	title = "{Discovering functional modules by identifying recurrent and mutually exclusive mutational patterns in tumors}",
	year = "2011",
	volume = "4",
	journal = "{BMC Med Genomics}",
	author = "Miller, Christopher A and Settle, Stephen H and Sulman, Erik P and Aldape, Kenneth D and Milosavljevic, Aleksandar",
	doi = "10.1186/1755-8794-4-34 [doi]",
	pmid = "21489305",
}

@article{tibshirani02,
	year = "2002",
	title = "{Diagnosis of multiple cancer types by shrunken centroids of gene expression}",
	pages = "6567--72",
	journal = "{Proc Natl Acad Sci U S A}",
	doi = "99/10/6567 [pii]",
	pmid = "12011421",
	number = "10",
	author = "Tibshirani, Robert and Hastie, Trevor and Narasimhan, Balasubramanian and Chu, Gilbert",
	volume = "99",
}

@article{benjamini95,
	year = "1995",
	title = "{Controlling the False Discovery Rate: A Practical and Powerful Approach to Multiple Testing}",
	pages = "289-300",
	journal = "{Journal of the Royal Statistical Society}",
	number = "1",
	volume = "57",
	author = "Benjamini, Yoav and Hochberg, Yosef",
}
