@article{vanloo10,
	doi = "10.1073/pnas.1009843107 [doi]",
	title = "{Allele-specific copy number analysis of tumors}",
	journal = "{Proc Natl Acad Sci U S A}",
	author = "Van Loo, Peter and Nordgard, Silje H and Lingjaerde, Ole Christian and Russnes, Hege G and Rye, Inga H and Sun, Wei and Weigman, Victor J and Marynen, Peter and Zetterberg, Anders and Naume, Bjorn and Perou, Charles M and Borresen-Dale, Anne-Lise and Kristensen, Vessela N",
	number = "39",
	volume = "107",
	year = "2010",
	pmid = "20837533",
	pages = "16910--5",
}

@article{mermel11,
	doi = "10.1186/gb-2011-12-4-r41 [doi]",
	title = "{GISTIC2.0 facilitates sensitive and confident localization of the targets of focal somatic copy-number alteration in human cancers}",
	journal = "{Genome Biol}",
	author = "Mermel, Craig H and Schumacher, Steven E and Hill, Barbara and Meyerson, Matthew L and Beroukhim, Rameen and Getz, Gad",
	number = "4",
	volume = "12",
	year = "2011",
	pmid = "21527027",
	pages = "R41",
}

@article{beroukhim07,
	doi = "10.1073/pnas.0710052104 [doi]",
	title = "{Assessing the significance of chromosomal aberrations in cancer: methodology and  application to glioma}",
	journal = "{Proc Natl Acad Sci U S A}",
	author = "Beroukhim, Rameen and Getz, Gad and Nghiemphu, Leia and Barretina, Jordi and Hsueh, Teli and Linhart, David and Vivanco, Igor and Lee, Jeffrey C and Huang, Julie H and Alexander, Sethu and Du, Jinyan and Kau, Tweeny and Thomas, Roman K and Shah, Kinjal and Soto, Horacio and Perner, Sven and Prensner, John and Debiasi, Ralph M and Demichelis, Francesca and Hatton, Charlie and Rubin, Mark A and Garraway, Levi A and Nelson, Stan F and Liau, Linda and Mischel, Paul S and Cloughesy, Tim F and Meyerson, Matthew and Golub, Todd A and Lander, Eric S and Mellinghoff, Ingo K and Sellers, William R",
	number = "50",
	volume = "104",
	year = "2007",
	pmid = "18077431",
	pages = "20007--12",
}

@article{greenman10,
	doi = "10.1093/biostatistics/kxp045 [doi]",
	title = "{PICNIC: an algorithm to predict absolute allelic copy number variation with microarray cancer data}",
	journal = "{Biostatistics}",
	author = "Greenman, Chris D and Bignell, Graham and Butler, Adam and Edkins, Sarah and Hinton, Jon and Beare, Dave and Swamy, Sajani and Santarius, Thomas and Chen, Lina and Widaa, Sara and Futreal, P Andy and Stratton, Michael R",
	number = "1",
	volume = "11",
	year = "2010",
	pmid = "19837654",
	pages = "164--75",
}

@article{zhang10,
	doi = "10.1093/bioinformatics/btp708 [doi]",
	title = "{CMDS: a population-based method for identifying recurrent DNA copy number aberrations in cancer from high-resolution data}",
	journal = "{Bioinformatics}",
	author = "Zhang, Qunyuan and Ding, Li and Larson, David E and Koboldt, Daniel C and McLellan, Michael D and Chen, Ken and Shi, Xiaoqi and Kraja, Aldi and Mardis, Elaine R and Wilson, Richard K and Borecki, Ingrid B and Province, Michael A",
	number = "4",
	volume = "26",
	year = "2010",
	pmid = "20031968",
	pages = "464--9",
}

@article{picard11,
	doi = "10.1093/biostatistics/kxq076 [doi]",
	title = "{Joint segmentation, calling, and normalization of multiple CGH profiles}",
	journal = "{Biostatistics}",
	author = "Picard, Franck and Lebarbier, Emilie and Hoebeke, Mark and Rigaill, Guillem and Thiam, Baba and Robin, Stephane",
	number = "3",
	volume = "12",
	year = "2011",
	pmid = "21209153",
	pages = "413--28",
}

@article{wu09,
	doi = "10.1093/bioinformatics/btp270 [doi]",
	title = "{A Bayesian segmentation approach to ascertain copy number variations at the population level}",
	journal = "{Bioinformatics}",
	author = "Wu, Long Yang and Chipman, Hugh A and Bull, Shelley B and Briollais, Laurent and Wang, Kesheng",
	number = "13",
	volume = "25",
	year = "2009",
	pmid = "19389735",
	pages = "1669--79",
}

@article{park11,
	doi = "PONE-D-11-09022 [pii]",
	title = "{A multi-sample based method for identifying common CNVs in normal human genomic structure using high-resolution aCGH data}",
	journal = "{PLoS One}",
	author = "Park, Chihyun and Ahn, Jaegyoon and Yoon, Youngmi and Park, Sanghyun",
	number = "10",
	volume = "6",
	year = "2011",
	pmid = "22073121",
	pages = "e26975",
}

@article{taylor08,
	doi = "10.1371/journal.pone.0003179 [doi]",
	title = "{Functional copy-number alterations in cancer}",
	journal = "{PLoS One}",
	author = "Taylor, Barry S and Barretina, Jordi and Socci, Nicholas D and Decarolis, Penelope and Ladanyi, Marc and Meyerson, Matthew and Singer, Samuel and Sander, Chris",
	number = "9",
	volume = "3",
	year = "2008",
	pmid = "18784837",
	pages = "e3179",
}

@article{lin04,
	author = "Lin, Ming and Wei, Lee-Jen and Sellers, William R and Lieberfarb, Marshall and Wong, Wing Hung and Li, Cheng",
	doi = "bth069 [pii]",
	pages = "1233--40",
	pmid = "14871870",
	year = "2004",
	title = "{dChipSNP: significance curve and clustering of SNP-array-based loss-of-heterozygosity data}",
	number = "8",
	volume = "20",
	journal = "{Bioinformatics}",
}

@article{venkatraman07,
	journal = "{Bioinformatics}",
	doi = "10.1093/bioinformatics/btl646 [doi]",
	year = "2007",
	volume = "23",
	pmid = "17234643",
	author = "Venkatraman, E S and Olshen, Adam B",
	title = "{A faster circular binary segmentation algorithm for the analysis of array CGH data}",
	pages = "657--63",
	number = "6",
}

@article{iafrate04,
	pages = "949--51",
	journal = "{Nat Genet}",
	year = "2004",
	volume = "36",
	author = "Iafrate, A John and Feuk, Lars and Rivera, Miguel N and Listewnik, Marc L and Donahoe, Patricia K and Qi, Ying and Scherer, Stephen W and Lee, Charles",
	title = "{Detection of large-scale variation in the human genome}",
	pmid = "15286789",
	number = "9",
	doi = "ng1416 [pii]",
}

