@article{geiss08,
	doi = "10.1038/nbt1385 [doi]",
	title = "{Direct multiplexed measurement of gene expression with color-coded probe pairs}",
	journal = "{Nat Biotechnol}",
	author = "Geiss, Gary K and Bumgarner, Roger E and Birditt, Brian and Dahl, Timothy and Dowidar, Naeem and Dunaway, Dwayne L and Fell, H Perry and Ferree, Sean and George, Renee D and Grogan, Tammy and James, Jeffrey J and Maysuria, Malini and Mitton, Jeffrey D and Oliveri, Paola and Osborn, Jennifer L and Peng, Tao and Ratcliffe, Amber L and Webster, Philippa J and Davidson, Eric H and Hood, Leroy and Dimitrov, Krassen",
	number = "3",
	volume = "26",
	year = "2008",
	pmid = "18278033",
	pages = "317--25",
}

@article{shou15,
	year = "2015",
	pmid = "25473003",
	title = "{A five-gene hedgehog signature developed as a patient preselection tool for hedgehog inhibitor therapy in medulloblastoma}",
	doi = "10.1158/1078-0432.CCR-13-1711 [doi]",
	number = "3",
	pages = "585--93",
	volume = "21",
	journal = "{Clin Cancer Res}",
	author = "Shou, Yaping and Robinson, Douglas M and Amakye, Dereck D and Rose, Kristine L and Cho, Yoon-Jae and Ligon, Keith L and Sharp, Thad and Haider, Asifa S and Bandaru, Raj and Ando, Yuichi and Geoerger, Birgit and Doz, Francois and Ashley, David M and Hargrave, Darren R and Casanova, Michela and Tawbi, Hussein A and Rodon, Jordi and Thomas, Anne L and Mita, Alain C and MacDonald, Tobey J and Kieran, Mark W",
}

@article{reis11,
	pmid = "21549012",
	volume = "11",
	doi = "10.1186/1472-6750-11-46 [doi]",
	pages = "46",
	title = "{mRNA transcript quantification in archival samples using multiplexed, color-coded probes}",
	author = "Reis, Patricia P and Waldron, Levi and Goswami, Rashmi S and Xu, Wei and Xuan, Yali and Perez-Ordonez, Bayardo and Gullane, Patrick and Irish, Jonathan and Jurisica, Igor and Kamel-Reid, Suzanne",
	year = "2011",
	journal = "{BMC Biotechnol}",
}

