@misc{mgi13,
	title = {Guidelines for Nomenclature of Mouse and Rat Strains},
	howpublished = {http://www.informatics.jax.org/mgihome/nomen/strains.shtml},
	note = {Accessed: 2015-03-19}
}

@misc{mgi14,
	title = {Guidelines for Nomenclature of Genes, Genetic Markers, Alleles, and Mutations in Mouse and Rat},
	howpublished = {http://www.informatics.jax.org/mgihome/nomen/gene.shtml},
	note = {Accessed: 2015-03-19}
}
