@article{gostissa09,
	year = "2009",
	pages = "2265--70",
	journal = "{Proc Natl Acad Sci U S A}",
	volume = "106",
	doi = "10.1073/pnas.0812763106 [doi]",
	number = "7",
	author = "Gostissa, Monica and Ranganath, Sheila and Bianco, Julia M and Alt, Frederick W",
	title = "{Chromosomal location targets different MYC family gene members for oncogenic translocations}",
	pmid = "19174520",
}

@article{spehalski12,
	volume = "109",
	year = "2012",
	pmid = "22869734",
	title = "{Oncogenic Myc translocations are independent of chromosomal location and orientation of the immunoglobulin heavy chain locus}",
	journal = "{Proc Natl Acad Sci U S A}",
	pages = "13728--32",
	number = "34",
	doi = "10.1073/pnas.1202882109 [doi]",
	author = "Spehalski, Elizabeth and Kovalchuk, Alexander L and Collins, John T and Liang, Genqing and Dubois, Wendy and Morse, Herbert C 3rd and Ferguson, David O and Casellas, Rafael and Dunnick, Wesley A",
}

@article{malynn00,
	pages = "1390--9",
	volume = "14",
	year = "2000",
	title = "{N-myc can functionally replace c-myc in murine development, cellular growth, and  differentiation}",
	journal = "{Genes Dev}",
	number = "11",
	pmid = "10837031",
	author = "Malynn, B A and de Alboran, I M and O'Hagan, R C and Bronson, R and Davidson, L and DePinho, R A and Alt, F W",
}

@article{rao03,
	journal = "{Neoplasia}",
	pages = "198--204",
	doi = "NO_DOI [doi]",
	title = "{c-Myc enhances sonic hedgehog-induced medulloblastoma formation from nestin-expressing neural progenitors in mice}",
	pmid = "12869303",
	author = "Rao, Ganesh and Pedone, Carolyn A and Coffin, Cheryl M and Holland, Eric C and Fults, Daniel W",
	year = "2003",
	number = "3",
	volume = "5",
}

@article{wey10,
	author = "Wey, Alice and Knoepfler, Paul S",
	journal = "{Oncotarget}",
	pmid = "20651942",
	doi = "116 [pii]",
	title = "{c-myc and N-myc promote active stem cell metabolism and cycling as architects of  the developing brain}",
	volume = "1",
	year = "2010",
	number = "2",
	pages = "120--30",
}

