@article{endersby08,
	number = "41",
	volume = "27",
	author = "Endersby, R and Baker, S J",
	journal = "{Oncogene}",
	doi = "10.1038/onc.2008.239 [doi]",
	title = "{PTEN signaling in brain: neuropathology and tumorigenesis}",
	year = "2008",
	pages = "5416--30",
	pmid = "18794877",
}

