@article{olsson11,
	doi = "PONE-D-11-09416 [pii]",
	title = "{Clonal evolution through loss of chromosomes and subsequent polyploidization in chondrosarcoma}",
	journal = "{PLoS One}",
	author = "Olsson, Linda and Paulsson, Kajsa and Bovee, Judith V M G and Nord, Karolin H",
	number = "9",
	volume = "6",
	year = "2011",
	pmid = "21949816",
	pages = "e24977",
}

