@article{ding12,
	doi = "10.1038/nature10738 [doi]",
	title = "{Clonal evolution in relapsed acute myeloid leukaemia revealed by whole-genome sequencing}",
	journal = "{Nature}",
	author = "Ding, Li and Ley, Timothy J and Larson, David E and Miller, Christopher A and Koboldt, Daniel C and Welch, John S and Ritchey, Julie K and Young, Margaret A and Lamprecht, Tamara and McLellan, Michael D and McMichael, Joshua F and Wallis, John W and Lu, Charles and Shen, Dong and Harris, Christopher C and Dooling, David J and Fulton, Robert S and Fulton, Lucinda L and Chen, Ken and Schmidt, Heather and Kalicki-Veizer, Joelle and Magrini, Vincent J and Cook, Lisa and McGrath, Sean D and Vickery, Tammi L and Wendl, Michael C and Heath, Sharon and Watson, Mark A and Link, Daniel C and Tomasson, Michael H and Shannon, William D and Payton, Jacqueline E and Kulkarni, Shashikant and Westervelt, Peter and Walter, Matthew J and Graubert, Timothy A and Mardis, Elaine R and Wilson, Richard K and DiPersio, John F",
	number = "7382",
	volume = "481",
	year = "2012",
	pmid = "22237025",
	pages = "506--10",
}

@article{mullighan08,
	doi = "10.1126/science.1164266 [doi]",
	title = "{Genomic analysis of the clonal origins of relapsed acute lymphoblastic leukemia}",
	journal = "{Science}",
	author = "Mullighan, Charles G and Phillips, Letha A and Su, Xiaoping and Ma, Jing and Miller, Christopher B and Shurtleff, Sheila A and Downing, James R",
	number = "5906",
	volume = "322",
	year = "2008",
	pmid = "19039135",
	pages = "1377--80",
}

