
@article{kawasaki03,
	pages = "100",
	doi = "nature02141 [pii]",
	author = "Kawasaki, Hiroaki and Taira, Kazunari",
	title = "{Retraction: Hes1 is a target of microRNA-23 during retinoic-acid-induced neuronal differentiation of NT2 cells}",
	volume = "426",
	year = "2003",
	journal = "{Nature}",
	number = "6962",
	pmid = "14603326",
}

