@article{hu06,
	doi = "10.1242/dev.02220 [doi]",
	title = "{GLI3-dependent transcriptional repression of Gli1, Gli2 and kidney patterning genes disrupts renal morphogenesis}",
	journal = "{Development}",
	author = "Hu, Ming Chang and Mo, Rong and Bhella, Sita and Wilson, Christopher W and Chuang, Pao-Tien and Hui, Chi-Chung and Rosenblum, Norman D",
	number = "3",
	volume = "133",
	year = "2006",
	pmid = "16396903",
	pages = "569--78",
}

@article{katoh09,
	title = "{Hedgehog target genes: mechanisms of carcinogenesis induced by aberrant hedgehog  signaling activation}",
	journal = "{Curr Mol Med}",
	author = "Katoh, Y and Katoh, M",
	number = "7",
	volume = "9",
	year = "2009",
	pmid = "19860666",
	pages = "873--86",
}

