@article{shih12,
	title = "{Subgroup specific somatic copy number aberrations in the medulloblastoma genome}",
	journal = "{Nature}",
	author = "\emphname{Shih}$^*$, David J H and Northcott$^*$, Paul A and Peacock, John and Garzia, Livia and Morrissy, Sorana and Stütz, Adrian M and Zichner, Thomas and Korshunov, Andrey and Reimand, Juri and Schumacher, Steven E and Beroukhim, Rameen and Ellison, David W and Marshall, Christian R and Lionel, Anath C and Mack, Stephen and Dubuc, Adrian and Yao, Yuan and Ramaswamy, Vijay and Luu, Betty and Rolider, Adi and Cavalli, Florence and Wang, Xin and Remke, Marc and Wu, Xiaochong and Kawauchi, Daisuke and Roussel, Martine F and Kool, Marcel and Jones, David T W and Witt, Hendrick and Fernandez, Africa and Kenney, Anna Marie and Wechsler-Reya, Rob and Grajkowska, Wieslawa A and Haberler, Christine C and Delattre, Olivier O and Reynaud, Stéphanie S and Doz, François F and Pernet-Fattet, Sarah S and Cho, Byung-Kyu and Kim, Seung-Ki and Wang, Kyu-Chang and Scheurlen, Wolfram and Eberhart, Charles G and Fèvre-Montange, Michelle and Jouvet, Anne and Pollack, Ian F and Fan, Xing and Muraszko, Karin M and Gillespie, Yancey G and Di Rocco, Concezio and Massimi, Luca and Michiels,Erna M C and Kloosterhof, Nanne K and French, Pim J and Kros, Johan M and Olson, James Michael and Ellenbogen, Richard G and Zitterbart, Karel and Thompson, Reid C and Cooper, Michael Kane and Lach, Boleslaw and McLendon, Roger E and Bigner, Darell D and Fontebasso, Adam and Albrecht, Steffen and Jabado, Nada and Gupta, Nalin and Weiss, William A and Bognár, László and Klekner, Almos and Van Meter, Timothy E and Kumabe, Toshihiro and Tominaga, Teiji and Elbabaa, Samer K and Leonard, Jeffrey R and Rubin, Joshua B and Liau, Linda and Van Meir, Erwin G and Fouladi, Maryam and Cinalli, Giuseppe and Garami, Miklós and Hauser, Peter and Saad, Ali and Iolascon, Achille and Zollo, Massimo and Jung, Shin and Carlotti, Carlos G and Vibhakar, Rajeev and Ra, Young Shin and Robinson, Shenandoah and Faria, Claudia C and Chan, Jennifer and Levy, Michael L and Meyerson, Matthew and Pomeroy, Scott L and Cho, Yoon-Jae and Bader, Gary D and Tabori, Uri and Hawkins, Cynthia E and Bouffet, Eric and Scherer, Stephen W and Rutka, James T and Malkin, David and Clifford, Steven C and Sorensen, Poul H B and Jones, Steven J M and Korbel, Jan O and Pfister, Stefan M and Marra, Marco and Taylor, Michael D",
	year = "2012",
	volume = "in review",
}
@article{dubuc12,
	doi = "10.1007/s00401-012-0959-7 [doi]",
	title = "{Subgroup-specific alternative splicing in medulloblastoma}",
	journal = "{Acta Neuropathol}",
	author = "Dubuc, Adrian M and Morrissy, A Sorana and Kloosterhof, Nanne K and Northcott, Paul A and Yu, Emily P Y and \emphname{Shih}, David and Peacock, John and Grajkowska, Wieslawa and van Meter, Timothy and Eberhart, Charles G and Pfister, Stefan and Marra, Marco A and Weiss, William A and Scherer, Stephen W and Rutka, James T and French, Pim J and Taylor, Michael D",
	number = "4",
	volume = "123",
	year = "2012",
	pmid = "22358458",
	pages = "485--99",
}
@article{wu12,
	doi = "10.1038/nature10825 [doi]",
	title = "{Clonal selection drives genetic divergence of metastatic medulloblastoma}",
	journal = "{Nature}",
	author = "Wu, Xiaochong and Northcott, Paul A and Dubuc, Adrian and Dupuy, Adam J and \emphname{Shih}, David J H and Witt, Hendrik and Croul, Sidney and Bouffet, Eric and Fults, Daniel W and Eberhart, Charles G and Garzia, Livia and Van Meter, Timothy and Zagzag, David and Jabado, Nada and Schwartzentruber, Jeremy and Majewski, Jacek and Scheetz, Todd E and Pfister, Stefan M and Korshunov, Andrey and Li, Xiao-Nan and Scherer, Stephen W and Cho, Yoon-Jae and Akagi, Keiko and MacDonald, Tobey J and Koster, Jan and McCabe, Martin G and Sarver, Aaron L and Collins, V Peter and Weiss, William A and Largaespada, David A and Collier, Lara S and Taylor, Michael D",
	number = "7386",
	volume = "482",
	year = "2012",
	pmid = "22343890",
	pages = "529--33",
	keywords= "shih",
}
@article{rausch12,
	doi = "10.1016/j.cell.2011.12.013 [doi]",
	title = "{Genome sequencing of pediatric medulloblastoma links catastrophic DNA rearrangements with TP53 mutations}",
	journal = "{Cell}",
	author = "Rausch, Tobias and Jones, David T W and Zapatka, Marc and Stutz, Adrian M and Zichner, Thomas and Weischenfeldt, Joachim and Jager, Natalie and Remke, Marc and \emphname{Shih}, David and Northcott, Paul A and Pfaff, Elke and Tica, Jelena and Wang, Qi and Massimi, Luca and Witt, Hendrik and Bender, Sebastian and Pleier, Sabrina and Cin, Huriye and Hawkins, Cynthia and Beck, Christian and von Deimling, Andreas and Hans, Volkmar and Brors, Benedikt and Eils, Roland and Scheurlen, Wolfram and Blake, Jonathon and Benes, Vladimir and Kulozik, Andreas E and Witt, Olaf and Martin, Dianna and Zhang, Cindy and Porat, Rinnat and Merino, Diana M and Wasserman, Jonathan and Jabado, Nada and Fontebasso, Adam and Bullinger, Lars and Rucker, Frank G and Dohner, Konstanze and Dohner, Hartmut and Koster, Jan and Molenaar, Jan J and Versteeg, Rogier and Kool, Marcel and Tabori, Uri and Malkin, David and Korshunov, Andrey and Taylor, Michael D and Lichter, Peter and Pfister, Stefan M and Korbel, Jan O",
	number = "1-2",
	volume = "148",
	year = "2012",
	pmid = "22265402",
	pages = "59--71",
}
@article{northcott12,
	doi = "10.1007/s00401-011-0899-7 [doi]",
	title = "{Rapid, reliable, and reproducible molecular sub-grouping of clinical medulloblastoma samples}",
	journal = "{Acta Neuropathol}",
	author = "Northcott, Paul A and \emphname{Shih}, David J H and Remke, Marc and Cho, Yoon-Jae and Kool, Marcel and Hawkins, Cynthia and Eberhart, Charles G and Dubuc, Adrian and Guettouche, Toumy and Cardentey, Yoslayma and Bouffet, Eric and Pomeroy, Scott L and Marra, Marco and Malkin, David and Rutka, James T and Korshunov, Andrey and Pfister, Stefan and Taylor, Michael D",
	number = "4",
	volume = "123",
	year = "2012",
	pmid = "22057785",
	pages = "615--26",
}
@article{northcott11,
	doi = "10.1007/s00401-011-0846-7 [doi]",
	title = "{Pediatric and adult sonic hedgehog medulloblastomas are clinically and molecularly distinct}",
	journal = "{Acta Neuropathol}",
	author = "Northcott, Paul A and Hielscher, Thomas and Dubuc, Adrian and Mack, Stephen and \emphname{Shih}, David and Remke, Marc and Al-Halabi, Hani and Albrecht, Steffen and Jabado, Nada and Eberhart, Charles G and Grajkowska, Wieslawa and Weiss, William A and Clifford, Steven C and Bouffet, Eric and Rutka, James T and Korshunov, Andrey and Pfister, Stefan and Taylor, Michael D",
	number = "2",
	volume = "122",
	year = "2011",
	pmid = "21681522",
	pages = "231--40",
}

