@article{ramaswamy13,
	author = "Ramaswamy, Vijay and Remke, Marc and Bouffet, Eric and Faria, Claudia C and Perreault, Sebastien and Cho, Yoon-Jae and \emphname{Shih}, David J and Luu, Betty and Dubuc, Adrian M and Northcott, Paul A and Schuller, Ulrich and Gururangan, Sridharan and McLendon, Roger and Bigner, Darell and Fouladi, Maryam and Ligon, Keith L and Pomeroy, Scott L and Dunn, Sandra and Triscott, Joanna and Jabado, Nada and Fontebasso, Adam and Jones, David T W and Kool, Marcel and Karajannis, Matthias A and Gardner, Sharon L and Zagzag, David and Nunes, Sofia and Pimentel, Jose and Mora, Jaume and Lipp, Eric and Walter, Andrew W and Ryzhova, Marina and Zheludkova, Olga and Kumirova, Ella and Alshami, Jad and Croul, Sidney E and Rutka, James T and Hawkins, Cynthia and Tabori, Uri and Codispoti, Kari-Elise T and Packer, Roger J and Pfister, Stefan M and Korshunov, Andrey and Taylor, Michael D",
	year = "2013",
	number = "12",
	doi = "10.1016/S1470-2045(13)70449-2 [doi]",
	journal = "{Lancet Oncol}",
	title = "{Recurrence patterns across medulloblastoma subgroups: an integrated clinical and  molecular analysis}",
	volume = "14",
	pages = "1200--7",
	pmid = "24140199",
}
@article{remke13,
	number = "6",
	pages = "917--29",
	journal = "{Acta Neuropathol}",
	pmid = "24174164",
	author = "Remke, Marc and Ramaswamy, Vijay and Peacock, John and \emphname{Shih}, David J H and Koelsche, Christian and Northcott, Paul A and Hill, Nadia and Cavalli, Florence M G and Kool, Marcel and Wang, Xin and Mack, Stephen C and Barszczyk, Mark and Morrissy, A Sorana and Wu, Xiaochong and Agnihotri, Sameer and Luu, Betty and Jones, David T W and Garzia, Livia and Dubuc, Adrian M and Zhukova, Nataliya and Vanner, Robert and Kros, Johan M and French, Pim J and Van Meir, Erwin G and Vibhakar, Rajeev and Zitterbart, Karel and Chan, Jennifer A and Bognar, Laszlo and Klekner, Almos and Lach, Boleslaw and Jung, Shin and Saad, Ali G and Liau, Linda M and Albrecht, Steffen and Zollo, Massimo and Cooper, Michael K and Thompson, Reid C and Delattre, Oliver O and Bourdeaut, Franck and Doz, Francois F and Garami, Miklos and Hauser, Peter and Carlotti, Carlos G and Van Meter, Timothy E and Massimi, Luca and Fults, Daniel and Pomeroy, Scott L and Kumabe, Toshiro and Ra, Young Shin and Leonard, Jeffrey R and Elbabaa, Samer K and Mora, Jaume and Rubin, Joshua B and Cho, Yoon-Jae and McLendon, Roger E and Bigner, Darell D and Eberhart, Charles G and Fouladi, Maryam and Wechsler-Reya, Robert J and Faria, Claudia C and Croul, Sidney E and Huang, Annie and Bouffet, Eric and Hawkins, Cynthia E and Dirks, Peter B and Weiss, William A and Schuller, Ulrich and Pollack, Ian F and Rutkowski, Stefan and Meyronet, David and Jouvet, Anne and Fevre-Montange, Michelle and Jabado, Nada and Perek-Polnik, Marta and Grajkowska, Wieslawa A and Kim, Seung-Ki and Rutka, James T and Malkin, David and Tabori, Uri and Pfister, Stefan M and Korshunov, Andrey and von Deimling, Andreas and Taylor, Michael D",
	title = "{TERT promoter mutations are highly recurrent in SHH subgroup medulloblastoma}",
	volume = "126",
	doi = "10.1007/s00401-013-1198-2 [doi]",
	year = "2013",
}
@article{dey13,
	author = "Dey, Joyoti and Dubuc, Adrian M and Pedro, Kyle D and Thirstrup, Derek and Mecham, Brig and Northcott, Paul A and Wu, Xiaochong and \emphname{Shih}, David and Tapscott, Stephen J and LeBlanc, Michael and Taylor, Michael D and Olson, James M",
	year = "2013",
	number = "22",
	doi = "10.1158/0008-5472.CAN-13-0730-T [doi]",
	journal = "{Cancer Res}",
	title = "{MyoD is a tumor suppressor gene in medulloblastoma}",
	volume = "73",
	pages = "6828--37",
	pmid = "24092238",
}
@article{markant13,
	author = "Markant, Shirley L and Esparza, Lourdes Adriana and Sun, Jesse and Barton, Kelly L and McCoig, Lisa M and Grant, Gerald A and Crawford, John R and Levy, Michael L and Northcott, Paul A and \emphname{Shih}, David and Remke, Marc and Taylor, Michael D and Wechsler-Reya, Robert J",
	year = "2013",
	number = "20",
	doi = "10.1158/0008-5472.CAN-12-4258 [doi]",
	journal = "{Cancer Res}",
	title = "{Targeting sonic hedgehog-associated medulloblastoma through inhibition of Aurora  and Polo-like kinases}",
	volume = "73",
	pages = "6310--22",
	pmid = "24067506",
}
@article{natarajan13,
	author = "Natarajan, Sivaraman and Li, Yaochen and Miller, Emily E and \emphname{Shih}, David J and Taylor, Michael D and Stearns, Timothy M and Bronson, Roderick T and Ackerman, Susan L and Yoon, Jeong K and Yun, Kyuson",
	year = "2013",
	number = "17",
	doi = "10.1158/0008-5472.CAN-13-0033 [doi]",
	journal = "{Cancer Res}",
	title = "{Notch1-induced brain tumor models the sonic hedgehog subgroup of human medulloblastoma}",
	volume = "73",
	pages = "5381--90",
	pmid = "23852537",
}
@article{zhukova13,
	author = "Zhukova, Nataliya and Ramaswamy, Vijay and Remke, Marc and Pfaff, Elke and \emphname{Shih}, David J H and Martin, Dianna C and Castelo-Branco, Pedro and Baskin, Berivan and Ray, Peter N and Bouffet, Eric and von Bueren, Andre O and Jones, David T W and Northcott, Paul A and Kool, Marcel and Sturm, Dominik and Pugh, Trevor J and Pomeroy, Scott L and Cho, Yoon-Jae and Pietsch, Torsten and Gessi, Marco and Rutkowski, Stefan and Bognar, Laszlo and Klekner, Almos and Cho, Byung-Kyu and Kim, Seung-Ki and Wang, Kyu-Chang and Eberhart, Charles G and Fevre-Montange, Michelle and Fouladi, Maryam and French, Pim J and Kros, Max and Grajkowska, Wieslawa A and Gupta, Nalin and Weiss, William A and Hauser, Peter and Jabado, Nada and Jouvet, Anne and Jung, Shin and Kumabe, Toshihiro and Lach, Boleslaw and Leonard, Jeffrey R and Rubin, Joshua B and Liau, Linda M and Massimi, Luca and Pollack, Ian F and Shin Ra, Young and Van Meir, Erwin G and Zitterbart, Karel and Schuller, Ulrich and Hill, Rebecca M and Lindsey, Janet C and Schwalbe, Ed C and Bailey, Simon and Ellison, David W and Hawkins, Cynthia and Malkin, David and Clifford, Steven C and Korshunov, Andrey and Pfister, Stefan and Taylor, Michael D and Tabori, Uri",
	year = "2013",
	number = "23",
	doi = "10.1200/JCO.2012.48.5052 [doi]",
	journal = "{J Clin Oncol}",
	title = "{Subgroup-specific prognostic implications of TP53 mutation in medulloblastoma}",
	volume = "31",
	pages = "2927--35",
	pmid = "23835706",
}
@article{dubuc13,
	author = "Dubuc, Adrian M and Remke, Marc and Korshunov, Andrey and Northcott, Paul A and Zhan, Shing H and Mendez-Lago, Maria and Kool, Marcel and Jones, David T W and Unterberger, Alexander and Morrissy, A Sorana and \emphname{Shih}, David and Peacock, John and Ramaswamy, Vijay and Rolider, Adi and Wang, Xin and Witt, Hendrik and Hielscher, Thomas and Hawkins, Cynthia and Vibhakar, Rajeev and Croul, Sidney and Rutka, James T and Weiss, William A and Jones, Steven J M and Eberhart, Charles G and Marra, Marco A and Pfister, Stefan M and Taylor, Michael D",
	year = "2013",
	number = "3",
	doi = "10.1007/s00401-012-1070-9 [doi]",
	journal = "{Acta Neuropathol}",
	title = "{Aberrant patterns of H3K4 and H3K27 histone lysine methylation occur across subgroups in medulloblastoma}",
	volume = "125",
	pages = "373--84",
	pmid = "23184418",
}
@article{diaz12,
	author = "Diaz, Roberto Jose and Guduk, Mustafa and Romagnuolo, Rocco and Smith, Christian A and Northcott, Paul and \emphname{Shih}, David and Berisha, Fitim and Flanagan, Adrienne and Munoz, David G and Cusimano, Michael D and Pamir, M Necmettin and Rutka, James T",
	year = "2012",
	number = "9",
	journal = "{Neoplasia}",
	title = "{High-resolution whole-genome analysis of skull base chordomas implicates FHIT loss in chordoma pathogenesis}",
	volume = "14",
	pages = "788--98",
	pmid = "23019410",
}
@article{jones12,
	author = "Jones, David T W and Jager, Natalie and Kool, Marcel and Zichner, Thomas and Hutter, Barbara and Sultan, Marc and Cho, Yoon-Jae and Pugh, Trevor J and Hovestadt, Volker and Stutz, Adrian M and Rausch, Tobias and Warnatz, Hans-Jorg and Ryzhova, Marina and Bender, Sebastian and Sturm, Dominik and Pleier, Sabrina and Cin, Huriye and Pfaff, Elke and Sieber, Laura and Wittmann, Andrea and Remke, Marc and Witt, Hendrik and Hutter, Sonja and Tzaridis, Theophilos and Weischenfeldt, Joachim and Raeder, Benjamin and Avci, Meryem and Amstislavskiy, Vyacheslav and Zapatka, Marc and Weber, Ursula D and Wang, Qi and Lasitschka, Barbel and Bartholomae, Cynthia C and Schmidt, Manfred and von Kalle, Christof and Ast, Volker and Lawerenz, Chris and Eils, Jurgen and Kabbe, Rolf and Benes, Vladimir and van Sluis, Peter and Koster, Jan and Volckmann, Richard and \emphname{Shih}, David and Betts, Matthew J and Russell, Robert B and Coco, Simona and Tonini, Gian Paolo and Schuller, Ulrich and Hans, Volkmar and Graf, Norbert and Kim, Yoo-Jin and Monoranu, Camelia and Roggendorf, Wolfgang and Unterberg, Andreas and Herold-Mende, Christel and Milde, Till and Kulozik, Andreas E and von Deimling, Andreas and Witt, Olaf and Maass, Eberhard and Rossler, Jochen and Ebinger, Martin and Schuhmann, Martin U and Fruhwald, Michael C and Hasselblatt, Martin and Jabado, Nada and Rutkowski, Stefan and von Bueren, Andre O and Williamson, Dan and Clifford, Steven C and McCabe, Martin G and Collins, V Peter and Wolf, Stephan and Wiemann, Stefan and Lehrach, Hans and Brors, Benedikt and Scheurlen, Wolfram and Felsberg, Jorg and Reifenberger, Guido and Northcott, Paul A and Taylor, Michael D and Meyerson, Matthew and Pomeroy, Scott L and Yaspo, Marie-Laure and Korbel, Jan O and Korshunov, Andrey and Eils, Roland and Pfister, Stefan M and Lichter, Peter",
	year = "2012",
	number = "7409",
	doi = "10.1038/nature11284 [doi]",
	journal = "{Nature}",
	title = "{Dissecting the genomic complexity underlying medulloblastoma}",
	volume = "488",
	pages = "100--5",
	pmid = "22832583",
}
@article{dubuc12,
	author = "Dubuc, Adrian M and Morrissy, A Sorana and Kloosterhof, Nanne K and Northcott, Paul A and Yu, Emily P Y and \emphname{Shih}, David and Peacock, John and Grajkowska, Wieslawa and van Meter, Timothy and Eberhart, Charles G and Pfister, Stefan and Marra, Marco A and Weiss, William A and Scherer, Stephen W and Rutka, James T and French, Pim J and Taylor, Michael D",
	year = "2012",
	number = "4",
	doi = "10.1007/s00401-012-0959-7 [doi]",
	journal = "{Acta Neuropathol}",
	title = "{Subgroup-specific alternative splicing in medulloblastoma}",
	volume = "123",
	pages = "485--99",
	pmid = "22358458",
}
@article{wu12,
	author = "Wu, Xiaochong and Northcott, Paul A and Dubuc, Adrian and Dupuy, Adam J and \emphname{Shih}, David J H and Witt, Hendrik and Croul, Sidney and Bouffet, Eric and Fults, Daniel W and Eberhart, Charles G and Garzia, Livia and Van Meter, Timothy and Zagzag, David and Jabado, Nada and Schwartzentruber, Jeremy and Majewski, Jacek and Scheetz, Todd E and Pfister, Stefan M and Korshunov, Andrey and Li, Xiao-Nan and Scherer, Stephen W and Cho, Yoon-Jae and Akagi, Keiko and MacDonald, Tobey J and Koster, Jan and McCabe, Martin G and Sarver, Aaron L and Collins, V Peter and Weiss, William A and Largaespada, David A and Collier, Lara S and Taylor, Michael D",
	year = "2012",
	number = "7386",
	doi = "10.1038/nature10825 [doi]",
	journal = "{Nature}",
	title = "{Clonal selection drives genetic divergence of metastatic medulloblastoma}",
	volume = "482",
	pages = "529--33",
	pmid = "22343890",
}
@article{rausch12,
	doi = "10.1016/j.cell.2011.12.013 [doi]",
	title = "{Genome sequencing of pediatric medulloblastoma links catastrophic DNA rearrangements with TP53 mutations}",
	journal = "{Cell}",
	author = "Rausch, Tobias and Jones, David T W and Zapatka, Marc and Stutz, Adrian M and Zichner, Thomas and Weischenfeldt, Joachim and Jager, Natalie and Remke, Marc and \emphname{Shih}, David and Northcott, Paul A and Pfaff, Elke and Tica, Jelena and Wang, Qi and Massimi, Luca and Witt, Hendrik and Bender, Sebastian and Pleier, Sabrina and Cin, Huriye and Hawkins, Cynthia and Beck, Christian and von Deimling, Andreas and Hans, Volkmar and Brors, Benedikt and Eils, Roland and Scheurlen, Wolfram and Blake, Jonathon and Benes, Vladimir and Kulozik, Andreas E and Witt, Olaf and Martin, Dianna and Zhang, Cindy and Porat, Rinnat and Merino, Diana M and Wasserman, Jonathan and Jabado, Nada and Fontebasso, Adam and Bullinger, Lars and Rucker, Frank G and Dohner, Konstanze and Dohner, Hartmut and Koster, Jan and Molenaar, Jan J and Versteeg, Rogier and Kool, Marcel and Tabori, Uri and Malkin, David and Korshunov, Andrey and Taylor, Michael D and Lichter, Peter and Pfister, Stefan M and Korbel, Jan O",
	number = "1-2",
	volume = "148",
	year = "2012",
	pmid = "22265402",
	pages = "59--71",
}
@article{northcott11,
	author = "Northcott, Paul A and Hielscher, Thomas and Dubuc, Adrian and Mack, Stephen and \emphname{Shih}, David and Remke, Marc and Al-Halabi, Hani and Albrecht, Steffen and Jabado, Nada and Eberhart, Charles G and Grajkowska, Wieslawa and Weiss, William A and Clifford, Steven C and Bouffet, Eric and Rutka, James T and Korshunov, Andrey and Pfister, Stefan and Taylor, Michael D",
	year = "2011",
	number = "2",
	doi = "10.1007/s00401-011-0846-7 [doi]",
	journal = "{Acta Neuropathol}",
	title = "{Pediatric and adult sonic hedgehog medulloblastomas are clinically and molecularly distinct}",
	volume = "122",
	pages = "231--40",
	pmid = "21681522",
}

