@article{zhukova14,
	pages = "174",
	pmid = "25539912",
	author = "Zhukova, Nataliya and Ramaswamy, Vijay and Remke, Marc and Martin, Dianna C and Castelo-Branco, Pedro and Zhang, Cindy H and Fraser, Michael and Tse, Ken and Poon, Raymond and Shih, David Jh and Baskin, Berivan and Ray, Peter N and Bouffet, Eric and Dirks, Peter and von Bueren, Andre O and Pfaff, Elke and Korshunov, Andrey and Jones, David Tw and Northcott, Paul A and Kool, Marcel and Pugh, Trevor J and Pomeroy, Scott L and Cho, Yoon-Jae and Pietsch, Torsten and Gessi, Marco and Rutkowski, Stefan and Bognar, Laszlo and Cho, Byung-Kyu and Eberhart, Charles G and Conter, Cecile Faure and Fouladi, Maryam and French, Pim J and Grajkowska, Wieslawa A and Gupta, Nalin and Hauser, Peter and Jabado, Nada and Vasiljevic, Alexandre and Jung, Shin and Kim, Seung-Ki and Klekner, Almos and Kumabe, Toshihiro and Lach, Boleslaw and Leonard, Jeffrey R and Liau, Linda M and Massimi, Luca and Pollack, Ian F and Ra, Young Shin and Rubin, Joshua B and Van Meir, Erwin G and Wang, Kyu-Chang and Weiss, William A and Zitterbart, Karel and Bristow, Robert G and Alman, Benjamin and Hawkins, Cynthia E and Malkin, David and Clifford, Steven C and Pfister, Stefan M and Taylor, Michael D and Tabori, Uri",
	doi = "10.1186/s40478-014-0174-y [doi]",
	year = "2014",
	journal = "{Acta Neuropathol Commun}",
	title = "{WNT activation by lithium abrogates TP53 mutation associated radiation resistance in medulloblastoma}",
	volume = "2",
	number = "1",
}

@article{kieran14,
	journal = "{Neuro Oncol}",
	volume = "16",
	title = "{Targeted treatment for sonic hedgehog-dependent medulloblastoma}",
	pmid = "24951114",
	author = "Kieran, Mark W",
	number = "8",
	year = "2014",
	pages = "1037--47",
	doi = "10.1093/neuonc/nou109 [doi]",
}

@article{justilien15,
	number = "3",
	year = "2015",
	pages = "505--13",
	doi = "10.1158/1078-0432.CCR-14-0507 [doi]",
	author = "Justilien, Verline and Fields, Alan P",
	volume = "21",
	pmid = "25646180",
	title = "{Molecular pathways: novel approaches for improved therapeutic targeting of hedgehog signaling in cancer stem cells}",
	journal = "{Clin Cancer Res}",
}

@article{he14,
	doi = "10.3892/or.2014.3206 [doi]",
	year = "2014",
	journal = "{Oncol Rep}",
	volume = "32",
	number = "1",
	title = "{Curcumin suppresses cell proliferation through inhibition of the Wnt/beta-catenin signaling pathway in medulloblastoma}",
	author = "He, Misi and Li, Yu and Zhang, Li and Li, Longjiang and Shen, Yi and Lin, Ling and Zheng, Weiping and Chen, Li and Bian, Xiuwu and Ng, Ho-Keung and Tang, Li",
	pmid = "24858998",
	pages = "173--80",
}

@article{amakye13,
	number = "11",
	year = "2013",
	pmid = "24202394",
	volume = "19",
	doi = "10.1038/nm.3389 [doi]",
	author = "Amakye, Dereck and Jagani, Zainab and Dorsch, Marion",
	journal = "{Nat Med}",
	title = "{Unraveling the therapeutic potential of the Hedgehog pathway in cancer}",
	pages = "1410--22",
}

@article{crowther13,
	number = "46",
	volume = "33",
	pmid = "24227720",
	pages = "18098--108",
	author = "Crowther, Andrew J and Gama, Vivian and Bevilacqua, Ariana and Chang, Sha X and Yuan, Hong and Deshmukh, Mohanish and Gershon, Timothy R",
	journal = "{J Neurosci}",
	year = "2013",
	doi = "10.1523/JNEUROSCI.2602-13.2013 [doi]",
	title = "{Tonic activation of Bax primes neural progenitors for rapid apoptosis through a mechanism preserved in medulloblastoma}",
}

@article{bandopadhayay14,
	doi = "10.1158/1078-0432.CCR-13-2281 [doi]",
	year = "2014",
	pmid = "24297863",
	title = "{BET bromodomain inhibition of MYC-amplified medulloblastoma}",
	journal = "{Clin Cancer Res}",
	number = "4",
	author = "Bandopadhayay, Pratiti and Bergthold, Guillaume and Nguyen, Brian and Schubert, Simone and Gholamin, Sharareh and Tang, Yujie and Bolin, Sara and Schumacher, Steven E and Zeid, Rhamy and Masoud, Sabran and Yu, Furong and Vue, Nujsaubnusi and Gibson, William J and Paolella, Brenton R and Mitra, Siddhartha S and Cheshier, Samuel H and Qi, Jun and Liu, Kun-Wei and Wechsler-Reya, Robert and Weiss, William A and Swartling, Fredrik J and Kieran, Mark W and Bradner, James E and Beroukhim, Rameen and Cho, Yoon-Jae",
	volume = "20",
	pages = "912--25",
}

@article{macdonald14,
	year = "2014",
	number = "1",
	author = "MacDonald, Tobey J and Aguilera, Dolly and Castellino, Robert C",
	pmid = "24305711",
	title = "{The rationale for targeted therapies in medulloblastoma}",
	journal = "{Neuro Oncol}",
	doi = "10.1093/neuonc/not147 [doi]",
	pages = "9--20",
	volume = "16",
}

@article{brun14,
	doi = "10.1038/onc.2014.304 [doi]",
	year = "2014",
	journal = "{Oncogene}",
	pmid = "25241898",
	author = "Brun, S N and Markant, S L and Esparza, L A and Garcia, G and Terry, D and Huang, J-M and Pavlyukov, M S and Li, X-N and Grant, G A and Crawford, J R and Levy, M L and Conway, E M and Smith, L H and Nakano, I and Berezov, A and Greene, M I and Wang, Q and Wechsler-Reya, R J",
	volume = "0",
	title = "{Survivin as a therapeutic target in Sonic hedgehog-driven medulloblastoma}",
}

@article{leary12,
	pmid = "22189395",
	doi = "10.1097/MOP.0b013e32834ec106 [doi]",
	title = "{The molecular classification of medulloblastoma: driving the next generation clinical trials}",
	pages = "33--9",
	author = "Leary, Sarah E S and Olson, James M",
	volume = "24",
	number = "1",
	journal = "{Curr Opin Pediatr}",
	year = "2012",
}

@article{packer96,
	title = "{Chemotherapy for Childhood Medulloblastoma and Primitive Neuroectodermal Tumors}",
	pages = "381--393",
	author = "Packer and Finlay",
	pmid = "10388020",
	number = "6",
	journal = "{Oncologist}",
	year = "1996",
	volume = "1",
}

@article{rudin09,
	journal = "{N Engl J Med}",
	number = "12",
	author = "Rudin, Charles M and Hann, Christine L and Laterra, John and Yauch, Robert L and Callahan, Christopher A and Fu, Ling and Holcomb, Thomas and Stinson, Jeremy and Gould, Stephen E and Coleman, Barbara and LoRusso, Patricia M and Von Hoff, Daniel D and de Sauvage, Frederic J and Low, Jennifer A",
	year = "2009",
	pmid = "19726761",
	volume = "361",
	pages = "1173--8",
	title = "{Treatment of medulloblastoma with hedgehog pathway inhibitor GDC-0449}",
	doi = "10.1056/NEJMoa0902903 [doi]",
}

@article{tarbell13,
	doi = "10.1200/JCO.2012.43.9984 [doi]",
	journal = "{J Clin Oncol}",
	number = "23",
	volume = "31",
	author = "Tarbell, Nancy J and Friedman, Henry and Polkinghorn, William R and Yock, Torunn and Zhou, Tianni and Chen, Zhengjia and Burger, Peter and Barnes, Patrick and Kun, Larry",
	year = "2013",
	title = "{High-risk medulloblastoma: a pediatric oncology group randomized trial of chemotherapy before or after radiation therapy (POG 9031)}",
	pmid = "23857975",
	pages = "2936--41",
}

@article{paterson53,
	pages = "323--36",
	journal = "{Acta radiol}",
	author = "Paterson, E and Farr, R F",
	volume = "39",
	title = "{Cerebellar medulloblastoma: treatment by irradiation of the whole central nervous system}",
	year = "1953",
	pmid = "13057640",
	number = "4",
}

@article{gudrunardottir14,
	doi = "10.1007/s00381-014-2388-5 [doi]",
	title = "{Treatment developments and the unfolding of the quality of life discussion in childhood medulloblastoma: a review}",
	number = "6",
	author = "Gudrunardottir, Thora and Lannering, Birgitta and Remke, Marc and Taylor, Michael D and Wells, Elizabeth M and Keating, Robert F and Packer, Roger J",
	journal = "{Childs Nerv Syst}",
	pmid = "24569911",
	volume = "30",
	pages = "979--90",
	year = "2014",
}

@article{park83,
	volume = "58",
	pages = "543--52",
	doi = "10.3171/jns.1983.58.4.0543 [doi]",
	journal = "{J Neurosurg}",
	title = "{Medulloblastoma: clinical presentation and management. Experience at the hospital for sick children, toronto, 1950-1980}",
	author = "Park, T S and Hoffman, H J and Hendrick, E B and Humphreys, R P and Becker, L E",
	number = "4",
	pmid = "6827349",
	year = "1983",
}


@article{mcfarland69,
	year = "1969",
	pages = "198--214",
	doi = "10.1259/0007-1285-42-495-198 [doi]",
	volume = "42",
	number = "495",
	title = "{Medulloblastoma--a review of prognosis and survival}",
	pmid = "5765696",
	author = "McFarland, D R and Horwitz, H and Saenger, E L and Bahr, G K",
	journal = "{Br J Radiol}",
}

@article{khong06,
	author = "Khong, Pek-Lan and Leung, Lucullus H T and Fung, Amy S M and Fong, Daniel Y T and Qiu, Deqiang and Kwong, Dora L W and Ooi, Gaik-Cheng and McAlonan, Grainne and Cao, Guang and Chan, Godfrey C F",
	year = "2006",
	doi = "10.1200/JCO.2005.02.4505 [doi]",
	volume = "24",
	journal = "{J Clin Oncol}",
	pmid = "16484697",
	title = "{White matter anisotropy in post-treatment childhood cancer survivors: preliminary evidence of association with neurocognitive function}",
	number = "6",
	pages = "884--90",
}

@article{avan15,
	pages = "411--432",
	doi = "10.1634/theoncologist.2014-0044 [doi]",
	author = "Avan, Abolfazl and Postma, Tjeerd J and Ceresa, Cecilia and Avan, Amir and Cavaletti, Guido and Giovannetti, Elisa and Peters, Godefridus J",
	volume = "20",
	year = "2015",
	pmid = "25765877",
	title = "{Platinum-Induced Neurotoxicity and Preventive Strategies: Past, Present, and Future}",
	journal = "{Oncologist}",
	number = "4",
}

@article{rutkowski05,
	pmid = "15758008",
	author = "Rutkowski, Stefan and Bode, Udo and Deinlein, Frank and Ottensmeier, Holger and Warmuth-Metz, Monika and Soerensen, Niels and Graf, Norbert and Emser, Angela and Pietsch, Torsten and Wolff, Johannes E A and Kortmann, Rolf D and Kuehl, Joachim",
	volume = "352",
	pages = "978--86",
	year = "2005",
	title = "{Treatment of early childhood medulloblastoma by postoperative chemotherapy alone}",
	doi = "10.1056/NEJMoa042176 [doi]",
	number = "10",
	journal = "{N Engl J Med}",
}

@article{zeller13,
	year = "2013",
	author = "Zeller, Bernward and Tamnes, Christian K and Kanellopoulos, Adriani and Amlien, Inge K and Andersson, Stein and Due-Tonnessen, Paulina and Fjell, Anders M and Walhovd, Kristine B and Westlye, Lars T and Ruud, Ellen",
	title = "{Reduced neuroanatomic volumes in long-term survivors of childhood acute lymphoblastic leukemia}",
	pages = "2078--85",
	pmid = "23589559",
	doi = "10.1200/JCO.2012.47.4031 [doi]",
	journal = "{J Clin Oncol}",
	number = "17",
	volume = "31",
}

@article{jeng93,
	journal = "{Childs Nerv Syst}",
	author = "Jeng, M J and Chang, T K and Wong, T T and Hsien, Y L and Tang, R B and Hwang, B",
	year = "1993",
	pages = "150--3",
	title = "{Preirradiation chemotherapy for very young children with brain tumors}",
	pmid = "8397068",
	number = "3",
	volume = "9",
}

@article{duffner99,
	author = "Duffner, P K and Horowitz, M E and Krischer, J P and Burger, P C and Cohen, M E and Sanford, R A and Friedman, H S and Kun, L E",
	year = "1999",
	pages = "152--61",
	number = "2",
	journal = "{Neuro Oncol}",
	title = "{The treatment of malignant brain tumors in infants and very young children: an update of the Pediatric Oncology Group experience}",
	volume = "1",
	pmid = "11554387",
}

@article{tait90,
	author = "Tait, D M and Thornton-Jones, H and Bloom, H J and Lemerle, J and Morris-Jones, P",
	number = "4",
	pmid = "2141512",
	pages = "464--9",
	volume = "26",
	year = "1990",
	journal = "{Eur J Cancer}",
	title = "{Adjuvant chemotherapy for medulloblastoma: the first multi-centre control trial of the International Society of Paediatric Oncology (SIOP I)}",
}

@article{evans90,
	doi = "10.3171/jns.1990.72.4.0572 [doi]",
	journal = "{J Neurosurg}",
	title = "{The treatment of medulloblastoma. Results of a prospective randomized trial of radiation therapy with and without CCNU, vincristine, and prednisone}",
	volume = "72",
	number = "4",
	pages = "572--82",
	pmid = "2319316",
	year = "1990",
	author = "Evans, A E and Jenkin, R D and Sposto, R and Ortega, J A and Wilson, C B and Wara, W and Ertel, I J and Kramer, S and Chang, C H and Leikin, S L",
}

@article{merchant09,
	author = "Merchant, Thomas E and Conklin, Heather M and Wu, Shengjie and Lustig, Robert H and Xiong, Xiaoping",
	year = "2009",
	pmid = "19581535",
	doi = "10.1200/JCO.2008.21.2738 [doi]",
	pages = "3691--7",
	title = "{Late effects of conformal radiation therapy for pediatric patients with low-grade glioma: prospective evaluation of cognitive, endocrine, and hearing deficits}",
	number = "22",
	journal = "{J Clin Oncol}",
	volume = "27",
}

@article{walter99,
	author = "Walter, A W and Mulhern, R K and Gajjar, A and Heideman, R L and Reardon, D and Sanford, R A and Xiong, X and Kun, L E",
	title = "{Survival and neurodevelopmental outcome of young children with medulloblastoma at St Jude Children's Research Hospital}",
	volume = "17",
	journal = "{J Clin Oncol}",
	pages = "3720--8",
	pmid = "10577843",
	year = "1999",
	number = "12",
}

@article{mulhern89,
	author = "Mulhern, R K and Horowitz, M E and Kovnar, E H and Langston, J and Sanford, R A and Kun, L E",
	pmid = "2809681",
	title = "{Neurodevelopmental status of infants and young children treated for brain tumors  with preirradiation chemotherapy}",
	volume = "7",
	year = "1989",
	journal = "{J Clin Oncol}",
	number = "11",
	pages = "1660--6",
}

@article{schreiber14,
	author = "Schreiber, Jane E and Gurney, James G and Palmer, Shawna L and Bass, Johnnie K and Wang, Mingjuan and Chen, Si and Zhang, Hui and Swain, Michelle and Chapieski, Mary L and Bonner, Melanie J and Mabbott, Donald J and Knight, Sarah J and Armstrong, Carol L and Boyle, Robyn and Gajjar, Amar",
	number = "8",
	doi = "10.1093/neuonc/nou006 [doi]",
	pmid = "24497405",
	year = "2014",
	pages = "1129--36",
	volume = "16",
	journal = "{Neuro Oncol}",
	title = "{Examination of risk factors for intellectual and academic outcomes following treatment for pediatric medulloblastoma}",
}

@article{gajjar94,
	year = "1994",
	number = "6",
	pages = "1212--6",
	journal = "{J Clin Oncol}",
	pmid = "8201384",
	volume = "12",
	title = "{Medulloblastoma in very young children: outcome of definitive craniospinal irradiation following incomplete response to chemotherapy}",
	author = "Gajjar, A and Mulhern, R K and Heideman, R L and Sanford, R A and Douglass, E C and Kovnar, E H and Langston, J A and Jenkins, J J and Kun, L E",
}

@article{khong06,
	journal = "{J Clin Oncol}",
	number = "6",
	year = "2006",
	pages = "884--90",
	doi = "10.1200/JCO.2005.02.4505 [doi]",
	title = "{White matter anisotropy in post-treatment childhood cancer survivors: preliminary evidence of association with neurocognitive function}",
	author = "Khong, Pek-Lan and Leung, Lucullus H T and Fung, Amy S M and Fong, Daniel Y T and Qiu, Deqiang and Kwong, Dora L W and Ooi, Gaik-Cheng and McAlonan, Grainne and Cao, Guang and Chan, Godfrey C F",
	pmid = "16484697",
	volume = "24",
}

@article{chi04,
	author = "Chi, Susan N and Gardner, Sharon L and Levy, Adam S and Knopp, Edmond A and Miller, Douglas C and Wisoff, Jeffrey H and Weiner, Howard L and Finlay, Jonathan L",
	pmid = "15611503",
	number = "24",
	volume = "22",
	pages = "4881--7",
	journal = "{J Clin Oncol}",
	title = "{Feasibility and response to induction chemotherapy intensified with high-dose methotrexate for young children with newly diagnosed high-risk disseminated medulloblastoma}",
	doi = "10.1200/JCO.2004.12.126 [doi]",
	year = "2004",
}

@article{hudson03,
	volume = "290",
	doi = "290/12/1583 [pii]",
	pmid = "14506117",
	journal = "{JAMA}",
	author = "Hudson, Melissa M and Mertens, Ann C and Yasui, Yutaka and Hobbie, Wendy and Chen, Hegang and Gurney, James G and Yeazel, Mark and Recklitis, Christopher J and Marina, Neyssa and Robison, Leslie R and Oeffinger, Kevin C",
	title = "{Health status of adult long-term survivors of childhood cancer: a report from the Childhood Cancer Survivor Study}",
	pages = "1583--92",
	year = "2003",
	number = "12",
}

@incollection{denavas14,    
	author = "DeNavas-Walt, Carmen and Proctor, Bernadette D.",
	title = {Income and Poverty in the United States: 2013},
	affiliation = {U.S. Census Bureau}
	booktitle = {Current Population Reports},
	publisher = {U.S. Government Printing Office, Washington, DC},
	pages = "60--249",
	year = "2014",
}


@article{mitby03,
	author = "Mitby, Pauline A and Robison, Leslie L and Whitton, John A and Zevon, Michael A and Gibbs, Iris C and Tersak, Jean M and Meadows, Anna T and Stovall, Marilyn and Zeltzer, Lonnie K and Mertens, Ann C",
	pmid = "12569614",
	journal = "{Cancer}",
	title = "{Utilization of special education services and educational attainment among long-term survivors of childhood cancer: a report from the Childhood Cancer Survivor Study}",
	pages = "1115--26",
	number = "4",
	doi = "10.1002/cncr.11117 [doi]",
	volume = "97",
	year = "2003",
}

@article{xu03,
	pages = "4677--81",
	author = "Xu, Weizhen and Janss, Anna and Moshang, Thomas",
	title = "{Adult height and adult sitting height in childhood medulloblastoma survivors}",
	pmid = "14557440",
	year = "2003",
	volume = "88",
	number = "10",
	journal = "{J Clin Endocrinol Metab}",
	doi = "10.1210/jc.2003-030619 [doi]",
}

@article{berger96,
	volume = "73",
	number = "9",
	title = "{Endocrinological late effects after chemotherapy for testicular cancer}",
	year = "1996",
	pages = "1108--14",
	author = "Berger, C C and Bokemeyer, C and Schuppert, F and Schmoll, H J",
	pmid = "8624272",
	journal = "{Br J Cancer}",
}

@article{khong06,
	journal = "{J Clin Oncol}",
	number = "6",
	volume = "24",
	year = "2006",
	author = "Khong, Pek-Lan and Leung, Lucullus H T and Fung, Amy S M and Fong, Daniel Y T and Qiu, Deqiang and Kwong, Dora L W and Ooi, Gaik-Cheng and McAlonan, Grainne and Cao, Guang and Chan, Godfrey C F",
	doi = "10.1200/JCO.2005.02.4505 [doi]",
	pmid = "16484697",
	pages = "884--90",
	title = "{White matter anisotropy in post-treatment childhood cancer survivors: preliminary evidence of association with neurocognitive function}",
}

@article{armstrong09,
	pages = "946--58",
	volume = "101",
	title = "{Long-term outcomes among adult survivors of childhood central nervous system malignancies in the Childhood Cancer Survivor Study}",
	author = "Armstrong, Gregory T and Liu, Qi and Yasui, Yutaka and Huang, Sujuan and Ness, Kirsten K and Leisenring, Wendy and Hudson, Melissa M and Donaldson, Sarah S and King, Allison A and Stovall, Marilyn and Krull, Kevin R and Robison, Leslie L and Packer, Roger J",
	number = "13",
	year = "2009",
	pmid = "19535780",
	doi = "10.1093/jnci/djp148 [doi]",
	journal = "{J Natl Cancer Inst}",
}

@article{palmer13,
	year = "2013",
	journal = "{J Clin Oncol}",
	volume = "31",
	doi = "10.1200/JCO.2012.47.4775 [doi]",
	pages = "3494--500",
	author = "Palmer, Shawna L and Armstrong, Carol and Onar-Thomas, Arzu and Wu, Shengjie and Wallace, Dana and Bonner, Melanie J and Schreiber, Jane and Swain, Michelle and Chapieski, Lynn and Mabbott, Donald and Knight, Sarah and Boyle, Robyn and Gajjar, Amar",
	pmid = "23980078",
	number = "28",
	title = "{Processing speed, attention, and working memory after treatment for medulloblastoma: an international, prospective, and longitudinal study}",
}

@article{knight14,
	author = "Knight, Sarah J and Conklin, Heather M and Palmer, Shawna L and Schreiber, Jane E and Armstrong, Carol L and Wallace, Dana and Bonner, Melanie and Swain, Michelle A and Evankovich, Karen D and Mabbott, Donald J and Boyle, Robyn and Huang, Qinlei and Zhang, Hui and Anderson, Vicki A and Gajjar, Amar",
	year = "2014",
	journal = "{J Pediatr Psychol}",
	volume = "39",
	pmid = "24627465",
	doi = "10.1093/jpepsy/jsu009 [doi]",
	pages = "501--11",
	number = "5",
	title = "{Working memory abilities among children treated for medulloblastoma: parent report and child performance}",
}

@article{polkinghorn07,
	pages = "295--304",
	pmid = "17464337",
	title = "{Medulloblastoma: tumorigenesis, current clinical paradigm, and efforts to improve risk stratification}",
	volume = "4",
	author = "Polkinghorn, William R and Tarbell, Nancy J",
	year = "2007",
	journal = "{Nat Clin Pract Oncol}",
	doi = "10.1038/ncponc0794 [doi]",
	number = "5",
}

@article{edelstein11,
	year = "2011",
	pages = "536--45",
	journal = "{Neuro Oncol}",
	number = "5",
	pmid = "21367970",
	author = "Edelstein, Kim and Spiegler, Brenda J and Fung, Sharon and Panzarella, Tony and Mabbott, Donald J and Jewitt, Natalie and D'Agostino, Norma Mammone and Mason, Warren P and Bouffet, Eric and Tabori, Uri and Laperriere, Normand and Hodgson, David C",
	doi = "10.1093/neuonc/nor015 [doi]",
	title = "{Early aging in adult survivors of childhood medulloblastoma: long-term neurocognitive, functional, and physical outcomes}",
	volume = "13",
}

@article{grill05,
	volume = "6",
	year = "2005",
	author = "Grill, Jacques and Sainte-Rose, Christian and Jouvet, Anne and Gentet, Jean-Claude and Lejars, Odile and Frappaz, Didier and Doz, Francois and Rialland, Xavier and Pichon, Fabienne and Bertozzi, Anne-Isabelle and Chastagner, Pascal and Couanet, Dominique and Habrand, Jean-Louis and Raquin, Marie-Anne and Le Deley, Marie-Cecile and Kalifa, Chantal",
	title = "{Treatment of medulloblastoma with postoperative chemotherapy alone: an SFOP prospective trial in young children}",
	doi = "10.1016/S1470-2045(05)70252-7 [doi]",
	pages = "573--80",
	pmid = "16054568",
	journal = "{Lancet Oncol}",
	number = "8",
}

@article{duffner93,
	year = "1993",
	volume = "328",
	doi = "10.1056/NEJM199306173282401 [doi]",
	number = "24",
	author = "Duffner, P K and Horowitz, M E and Krischer, J P and Friedman, H S and Burger, P C and Cohen, M E and Sanford, R A and Mulhern, R K and James, H E and Freeman, C R",
	pages = "1725--31",
	title = "{Postoperative chemotherapy and delayed radiation in children less than three years of age with malignant brain tumors}",
	journal = "{N Engl J Med}",
	pmid = "8388548",
}

@article{geyer94,
	author = "Geyer, J R and Zeltzer, P M and Boyett, J M and Rorke, L B and Stanley, P and Albright, A L and Wisoff, J H and Milstein, J M and Allen, J C and Finlay, J L",
	volume = "12",
	pmid = "8040673",
	journal = "{J Clin Oncol}",
	pages = "1607--15",
	title = "{Survival of infants with primitive neuroectodermal tumors or malignant ependymomas of the CNS treated with eight drugs in 1 day: a report from the Childrens Cancer Group}",
	year = "1994",
	number = "8",
}

@article{deutsch96,
	journal = "{Pediatr Neurosurg}",
	author = "Deutsch, M and Thomas, P R and Krischer, J and Boyett, J M and Albright, L and Aronin, P and Langston, J and Allen, J C and Packer, R J and Linggood, R and Mulhern, R and Stanley, P and Stehbens, J A and Duffner, P and Kun, L and Rorke, L and Cherlow, J and Freidman, H and Finlay, J L and Vietti, T",
	pages = "167--176; discussion 176--7",
	title = "{Results of a prospective randomized trial comparing standard dose neuraxis irradiation (3,600 cGy/20) with reduced neuraxis irradiation (2,340 cGy/13) in patients with low-stage medulloblastoma. A Combined Children's Cancer Group-Pediatric Oncology Group Study}",
	year = "1996",
	pmid = "8873158",
	volume = "24",
	number = "4",
}

@article{gentet95,
	pages = "608--14",
	volume = "82",
	year = "1995",
	title = "{Preirradiation chemotherapy including "eight drugs in 1 day" regimen and high-dose methotrexate in childhood medulloblastoma: results of the M7 French Cooperative Study}",
	pmid = "7897523",
	author = "Gentet, J C and Bouffet, E and Doz, F and Tron, P and Roche, H and Thyss, A and Plantaz, D and Stephan, J L and Mottolese, C and Ponvert, D",
	journal = "{J Neurosurg}",
	number = "4",
	doi = "10.3171/jns.1995.82.4.0608 [doi]",
}

@article{oyharcabal-bourden05,
	doi = "10.1200/JCO.2005.00.760 [doi]",
	journal = "{J Clin Oncol}",
	number = "21",
	author = "Oyharcabal-Bourden, V and Kalifa, C and Gentet, J C and Frappaz, D and Edan, C and Chastagner, P and Sariban, E and Pagnier, A and Babin, A and Pichon, F and Neuenschwander, S and Vinchon, M and Bours, D and Mosseri, V and Le Gales, C and Ruchoux, M and Carrie, C and Doz, F",
	pmid = "16034048",
	volume = "23",
	pages = "4726--34",
	year = "2005",
	title = "{Standard-risk medulloblastoma treated by adjuvant chemotherapy followed by reduced-dose craniospinal radiation therapy: a French Society of Pediatric Oncology Study}",
}

@article{pui08,
	volume = "9",
	doi = "10.1016/S1470-2045(08)70070-6 [doi]",
	year = "2008",
	number = "3",
	pages = "257--68",
	journal = "{Lancet Oncol}",
	pmid = "18308251",
	title = "{Current management and challenges of malignant disease in the CNS in paediatric leukaemia}",
	author = "Pui, Ching-Hon and Howard, Scott C",
}

@article{krull13,
	number = "4",
	author = "Krull, Kevin R and Zhang, Nan and Santucci, Aimee and Srivastava, Deo Kumar and Krasin, Matthew J and Kun, Larry E and Pui, Ching-Hon and Robison, Leslie L and Hudson, Melissa M and Armstrong, Gregory T",
	year = "2013",
	journal = "{Blood}",
	title = "{Long-term decline in intelligence among adult survivors of childhood acute lymphoblastic leukemia treated with cranial radiation}",
	pages = "550--3",
	volume = "122",
	doi = "10.1182/blood-2013-03-487744 [doi]",
	pmid = "23744583",
}

@article{minami96,
	title = "{Detection of platinum in the brain of mice treated with cisplatin and subjected to short-term hypoxia}",
	volume = "48",
	author = "Minami, T and Ichii, M and Okazaki, Y",
	pages = "505--9",
	journal = "{J Pharm Pharmacol}",
	number = "5",
	year = "1996",
	pmid = "8799875",
}

@article{namikawa00,
	number = "3",
	journal = "{Biol Trace Elem Res}",
	doi = "10.1385/BTER:74:3:223 [doi]",
	title = "{Toxicity of cisplatin to the central nervous system of male rabbits}",
	year = "2000",
	author = "Namikawa, K and Asakura, M and Minami, T and Okazaki, Y and Kadota, E and Hashimoto, S",
	volume = "74",
	pages = "223--35",
	pmid = "11055809",
}

